3371 4999
1658 365 2032 416 —110—

768 553 827 608 4⁰
874 553 953 609 De
1010 550 1522 608 enuntiationibus
1576 549 1952 618 completivis
2010 563 2139 619 quae
2197 562 2330 605 oum
2378 548 2796 619 coniunctione
2845 553 2921 603 ut

1684 644 2004 694 struuntur

849 790 1134 853 Verbum
1170 807 1363 871 egere
1409 788 1681 850 struitur
1718 807 1861 849 cum
1895 787 2298 869 subjunctivo
2330 787 2432 851 oui
2461 780 2822 870 conjunctio
2851 795 2926 850 ut

772 889 1190 972 praeponitur.
1460 888 1467 897 ’

1025 1012 1436 1067 faciendorum
1483 1009 1763 1064 emiorum
1808 1007 1936 1062 sola
1977 1008 2401 1062 misericordiae
2433 1025 2553 1062 suae
2580 1024 2760 1063 causa
2802 1014 2922 1073 est;

980 1118 1175 1173 neque
1209 1102 1370 1156 enim
1401 1105 1554 1167 equit
1584 1106 1645 1153 ut
1674 1102 1937 1167 fierent...
1971 1099 2038 1150 In
2061 1098 2406 1165 Psalm.135‚
2442 1102 2493 1152 8.

850 1241 1022 1301 Idem
1053 1236 1392 1299 dicendum
1421 1236 1496 1298 de
1530 1238 1724 1297 verbo
1753 1251 2036 1315 sperare.

999 1378 1160 1431 spero
1192 1366 1257 1414 ut
1298 1359 1371 1413 ad
1416 1357 1904 1411 emendationem
1937 1357 2227 1427 proclives
2256 1360 2435 1411 sint...
2483 1361 2558 1412 De
2596 1358 2819 1426 Trinit„
2855 1359 2923 1426 V,

988 1453 1073 1504 15.

847 1589 1185 1669 Reliquum
1225 1593 1327 1650 est
1361 1587 1634 1649 struitur
1664 1607 1807 1648 oum
1841 1582 2284 1669 conjunctione
2324 1605 2402 1649 ne
2441 1606 2583 1666 quae
2626 1586 2924 1667 conjunc-

770 1686 962 1748 tionis
991 1693 1065 1748 ut
1093 1686 1301 1747 locum
1334 1694 1510 1746 tenet
1532 1686 1574 1746 ⁴.

1013 1815 1180 1863 estne
1207 1809 1403 1864 adhuc
1432 1810 1783 1863 temeritatis
1811 1809 2088 1864 locust)...
2138 1808 2247 1863 nisi
2290 1809 2347 1862 id
2388 1812 2616 1862 tantum
2647 1809 2923 1876 reliquum

984 1902 1057 1952 sit
1089 1915 1155 1952 ne
1186 1899 1462 1967 impietas
1494 1897 1764 1968 professa
1802 1915 1863 1952 se
1898 1899 2177 1967 prodat...
2217 1900 2292 1951 De
2320 1900 2543 1966 Trinit„
2580 1897 2669 1965 IV,
2705 1900 2791 1952 38.

853 2037 1120 2097 Locutio
1152 2054 1410 2100 necesse
1441 2042 1541 2099 est
1573 2036 1739 2115 (quae
1762 2035 1930 2116 apud
1963 2036 2239 2116 optimos
2263 2035 2613 2117 scriptores
2643 2054 2768 2119 non
2787 2035 2927 2115 jun-

778 2136 953 2218 gitur
983 2154 1127 2195 cum
1161 2135 1607 2215 conjunctione
1638 2134 1772 2215 ut2)
1808 2154 1951 2194 cum
1984 2133 2329 2194 indicativo
2360 2133 2710 2194 insolenter
2742 2132 2927 2193 strui-

773 2242 877 2294 tur
899 2233 947 2294 ³.

1012 2371 1222 2410 necesse
1249 2363 1328 2409 est
1359 2354 1664 2408 ohoediens
1717 2371 1920 2408 eorum
1950 2354 2296 2426 paenitentia
2328 2353 2687 2409 insolentem
2720 2371 2924 2410 eorum

950 2469 959 2474 ·
988 2445 1478 2516 ἱῐῐιρευῃίῐθιιῑίεῑῐῐι
1501 2444 1853 2514 judicabit...
1885 2447 1952 2497 In
1983 2444 2185 2497 Psalm.
2220 2438 2271 2513 2',
2303 2447 2389 2497 44.

853 2644 1001 2687 ART.
1059 2644 1128 2685 ll.
1183 2659 1266 2669 --
1318 2642 1398 2685 DE
1445 2640 2023 2684 ENUNTIATIONIBUS
2072 2641 2196 2685 NON
2248 2640 2664 2685 COMPLETIVIS
2712 2641 2848 2695 QUAE

1210 2749 1378 2792 ALIIS
1426 2747 2003 2792 ENUNTIATIONIBUS
2056 2748 2502 2792 SUBJICIUNTUR

984 2933 991 2938 ,
1067 2886 1123 2939 1⁰
1164 2883 1244 2940 De
1284 2882 1807 2939 enuntiationibus
1847 2896 1976 2951 quae
2015 2896 2253 2949 oausam
2293 2882 2641 2951 significant

859 3011 928 3071 In
982 3008 1530 3070 enuntiationibus
1598 3026 1741 3088 quae
1801 3027 2060 3067 causam
2122 3007 2510 3088 significant,
2566 3008 2927 3091 conjunctio

776 3128 945 3183 oum,
981 3128 1124 3169 eum
1157 3105 1346 3166 modo
1375 3105 1718 3166 indicativo
1748 3104 2080 3164 struitur⁴.

1025 3234 1276 3284 testatur
1320 3233 1379 3281 et
1405 3230 1683 3282 ‘Joannes
1738 3243 1860 3282 non
1921 3243 2047 3281 esse
2102 3228 2434 3281 secundum
2491 3244 2730 3283 carnem
2780 3229 2929 3283 filios

990 3320 1259 3386 Abrahae,
1281 3334 1404 3371 cum
1424 3322 1482 3370 et
1513 3316 1614 3370 filii
1637 3316 1976 3386 viperarum
1998 3323 2126 3369 sunt
2153 3317 2387 3387 (sint)...
2417 3320 2484 3371 1η
2506 3320 2709 3373 Psalm.
2732 3322 2818 3388 52,
2842 3323 2929 3373 19.

1019 3426 1142 3462 cum
1174 3413 1389 3461 natura
1416 3406 1692 3460 humana}
1724 3405 2089 3484 ‘infirmitatis
2110 3405 2390 3474 proclivis
2420 3407 2493 3460 ad
2524 3408 2660 3463 vitia
2679 3415 2759 3461 est
2789 3408 2931 3478 (sit),

995 3497 1212 3568 refugit
1266 3502 1466 3550 tamen
1502 3494 1592 3548 vel
1624 3494 1735 3547 sub
1773 3500 1919 3547 teste
1952 3510 2265 3563 peceare...
2305 3498 2376 3549 In
2408 3499 2609 3551 Psalm.
2641 3500 2764 3564 118,
2794 3502 2843 3565 1,
2878 3501 2930 3552 8.

1022 3591 1165 3640 sunt
1188 3583 1518 3645 istiusmodi
1553 3583 1611 3637 in
1635 3585 1755 3637 Deo
1782 3588 2118 3653 potestates,
2145 3600 2396 3653 quarum
2429 3602 2550 3639 cum
2581 3586 2732 3640 ratio
2758 3585 2936 3640 intel—

995 3674 1262 3745 legentiae
1300 3679 1517 3728 nostroe
1542 3671 2167 3741 incomprehensibilis
2198 3680 2276 3726 est
2307 3672 2448 3744 (sit),
2484 3674 2630 3728 fides
2665 3679 2932 3729 tamen...

994 3764 1053 3817 in
1086 3762 1355 3817 absoluto
1388 3767 1541 3816 est...
1576 3764 1652 3815 De
1681 3763 1908 3826 Trinit„
1940 3762 2034 3828 Ill,
2072 3764 2121 3814 ὃ.

847 3928 889 3974 1.
927 3924 1001 3972 Cr.
1032 3925 1316 3983 Riemann,
1346 3924 1368 3984 Ξ
1396 3925 1502 3982 186,
1532 3937 1581 3985 p.
1605 3923 1717 3970 310.

843 3999 888 4044 2.
925 3995 998 4044 Cf.
1034 3996 1314 4055 Riemann,
1344 3997 1366 4056 Ξ
1395 3997 1500 4053 186,
1531 4009 1579 4057 p.
1609 3996 1717 4041 311.

846 4070 890 4116 3.
929 4066 1005 4115 Cf.
1035 4068 1320 4125 Riemann,
1347 4069 1368 4127 ἓ
1398 4067 1505 4125 191,
1540 4080 1588 4129 p.
1617 4067 1727 4113 320.

847 4142 893 4187 4.
933 4138 1008 4187 Cf.
1045 4140 1329 4200 Riemann,
1362 4139 1384 4199 Ξ
1416 4139 1521 4192 194,
1556 4151 1607 4200 p.
1641 4137 1748 4183 327.
1803 4155 1806 4156 ⁷
