<?xml version="1.0" encoding="UTF-8"?>
<!DOCTYPE html PUBLIC "-//W3C//DTD XHTML 1.0 Transitional//EN"
    "http://www.w3.org/TR/xhtml1/DTD/xhtml1-transitional.dtd">
<html xmlns="http://www.w3.org/1999/xhtml" xml:lang="en" lang="en">
 <head>
  <title>
</title>
<meta http-equiv="Content-Type" content="text/html;charset=utf-8" />
  <meta name='ocr-system' content='tesseract 3.04.00' />
  <meta name='ocr-capabilities' content='ocr_page ocr_carea ocr_par ocr_line ocrx_word'/>
</head>
<body>
  <div class='ocr_page' id='page_1' title='image "./quomodolatinali01quilgoog_0098.png"; bbox 0 0 3371 4999; ppageno 0'>
   <div class='ocr_carea' id='block_1_1' title="bbox 1633 338 1972 423">
    <p class='ocr_par' dir='ltr' id='par_1_1' title="bbox 1633 338 1972 423">
     <span class='ocr_line' id='line_1_1' title="bbox 1633 338 1972 423; baseline -0.003 -17"><span class='ocrx_word' id='word_1_1' title='bbox 1633 338 1972 423; x_wconf 43' lang='grc' dir='ltr'><strong>..η’-</strong></span> 
     </span>
    </p>
   </div>
   <div class='ocr_carea' id='block_1_2' title="bbox 1531 567 2070 633">
    <p class='ocr_par' dir='ltr' id='par_1_2' title="bbox 1531 567 2070 633">
     <span class='ocr_line' id='line_1_2' title="bbox 1531 567 2070 633; baseline -0.007 0"><span class='ocrx_word' id='word_1_2' title='bbox 1531 569 1632 633; x_wconf 91' lang='lat'><strong>111.</strong></span> <span class='ocrx_word' id='word_1_3' title='bbox 1665 605 1744 613; x_wconf 89' lang='lat'>—</span> <span class='ocrx_word' id='word_1_4' title='bbox 1771 570 1851 632; x_wconf 90' lang='lat' dir='ltr'>De</span> <span class='ocrx_word' id='word_1_5' title='bbox 1871 567 2070 632; x_wconf 83' lang='lat' dir='ltr'>Verbo</span> 
     </span>
    </p>
   </div>
   <div class='ocr_carea' id='block_1_3' title="bbox 2549 640 2578 663">
    <p class='ocr_par' dir='ltr' id='par_1_3' title="bbox 2549 640 2578 663">
     <span class='ocr_line' id='line_1_3' title="bbox 2549 640 2578 663; baseline 0 -2"><span class='ocrx_word' id='word_1_6' title='bbox 2549 640 2578 663; x_wconf 68' lang='lat' dir='ltr'><em>l</em></span> 
     </span>
    </p>
   </div>
   <div class='ocr_carea' id='block_1_4' title="bbox 725 716 2877 1016">
    <p class='ocr_par' dir='ltr' id='par_1_4' title="bbox 725 716 2877 1016">
     <span class='ocr_line' id='line_1_4' title="bbox 816 716 2877 813; baseline -0.001 -25"><span class='ocrx_word' id='word_1_7' title='bbox 816 722 1128 811; x_wconf 82' lang='lat' dir='ltr'>Triginta</span> <span class='ocrx_word' id='word_1_8' title='bbox 1144 716 1423 791; x_wconf 81' lang='lat' dir='ltr'>eiroiter</span> <span class='ocrx_word' id='word_1_9' title='bbox 1439 723 1670 791; x_wconf 86' lang='lat' dir='ltr'>verbis</span> <span class='ocrx_word' id='word_1_10' title='bbox 1699 723 1955 813; x_wconf 90' lang='lat' dir='ltr'>quibus</span> <span class='ocrx_word' id='word_1_11' title='bbox 1984 721 2233 810; x_wconf 77' lang='lat' dir='ltr'>optimi</span> <span class='ocrx_word' id='word_1_12' title='bbox 2262 722 2630 810; x_wconf 82' lang='lat' dir='ltr'>scriptores</span> <span class='ocrx_word' id='word_1_13' title='bbox 2661 725 2877 786; x_wconf 84' lang='lat' dir='ltr'>utun-</span> 
     </span>
     <span class='ocr_line' id='line_1_5' title="bbox 726 833 2865 925; baseline -0.002 -23"><span class='ocrx_word' id='word_1_14' title='bbox 726 841 864 913; x_wconf 85' lang='lat' dir='ltr'>tur,</span> <span class='ocrx_word' id='word_1_15' title='bbox 910 837 1055 903; x_wconf 89' lang='lat' dir='ltr'>vim</span> <span class='ocrx_word' id='word_1_16' title='bbox 1109 860 1365 904; x_wconf 86' lang='lat' dir='ltr'>novam</span> <span class='ocrx_word' id='word_1_17' title='bbox 1404 861 1443 905; x_wconf 89' lang='lat' dir='ltr'>a</span> <span class='ocrx_word' id='word_1_18' title='bbox 1473 838 1542 905; x_wconf 99' lang='lat' dir='ltr'><strong>S.</strong></span> <span class='ocrx_word' id='word_1_19' title='bbox 1590 837 1861 904; x_wconf 79' lang='lat' dir='ltr'>Hilario</span> <span class='ocrx_word' id='word_1_20' title='bbox 1905 834 2295 925; x_wconf 82' lang='lat' dir='ltr'>subjectam</span> <span class='ocrx_word' id='word_1_21' title='bbox 2349 856 2498 901; x_wconf 89' lang='lat' dir='ltr'>esse</span> <span class='ocrx_word' id='word_1_22' title='bbox 2546 833 2865 900; x_wconf 86' lang='lat' dir='ltr'>animad-</span> 
     </span>
     <span class='ocr_line' id='line_1_6' title="bbox 725 955 947 1016; baseline 0.014 -3"><span class='ocrx_word' id='word_1_23' title='bbox 725 955 947 1016; x_wconf 86' lang='lat' dir='ltr'>verto.</span> 
     </span>
    </p>
   </div>
   <div class='ocr_carea' id='block_1_5' title="bbox 727 1078 2879 1281">
    <p class='ocr_par' dir='ltr' id='par_1_5' title="bbox 727 1078 2879 1281">
     <span class='ocr_line' id='line_1_7' title="bbox 727 1078 2879 1186; baseline -0.001 -24"><span class='ocrx_word' id='word_1_24' title='bbox 727 1099 1076 1181; x_wconf 70' lang='lat' dir='ltr'>Abnegare.</span> <span class='ocrx_word' id='word_1_25' title='bbox 1138 1138 1216 1147; x_wconf 93' lang='lat'>—</span> <span class='ocrx_word' id='word_1_26' title='bbox 1279 1078 1466 1185; x_wconf 85' lang='lat' dir='ltr'>Apud</span> <span class='ocrx_word' id='word_1_27' title='bbox 1515 1101 1899 1186; x_wconf 70' lang='lat' dir='ltr'>Vergilium,</span> <span class='ocrx_word' id='word_1_28' title='bbox 1958 1122 2275 1175; x_wconf 75' lang='lat' dir='ltr'>recusare,</span> <span class='ocrx_word' id='word_1_29' title='bbox 2337 1103 2603 1176; x_wconf 78' lang='lat' dir='ltr'><em>rejicere</em></span> <span class='ocrx_word' id='word_1_30' title='bbox 2630 1118 2653 1177; x_wconf 85' lang='grc'>,·</span> <span class='ocrx_word' id='word_1_31' title='bbox 2708 1099 2879 1181; x_wconf 92' lang='lat' dir='ltr'>apud</span> 
     </span>
     <span class='ocr_line' id='line_1_8' title="bbox 811 1196 1582 1281; baseline 0.003 -23"><span class='ocrx_word' id='word_1_32' title='bbox 811 1197 877 1259; x_wconf 91' lang='lat' dir='ltr'>S.</span> <span class='ocrx_word' id='word_1_33' title='bbox 914 1196 1252 1273; x_wconf 80' lang='lat' dir='ltr'><strong>Hilarium,</strong></span> <span class='ocrx_word' id='word_1_34' title='bbox 1286 1205 1582 1281; x_wconf 76' lang='lat' dir='ltr'>inficiari.</span> 
     </span>
    </p>
   </div>
   <div class='ocr_carea' id='block_1_6' title="bbox 978 1306 2758 1389">
    <p class='ocr_par' dir='ltr' id='par_1_6' title="bbox 874 1306 2758 1389">
     <span class='ocr_line' id='line_1_9' title="bbox 978 1306 2758 1389; baseline -0.002 -12.166"><span class='ocrx_word' id='word_1_35' title='bbox 978 1306 1163 1377; x_wconf 85' lang='lat' dir='ltr'>Deum</span> <span class='ocrx_word' id='word_1_36' title='bbox 1192 1324 1353 1377; x_wconf 87' lang='lat' dir='ltr'>enim</span> <span class='ocrx_word' id='word_1_37' title='bbox 1386 1324 1487 1378; x_wconf 90' lang='lat' dir='ltr'>Dei</span> <span class='ocrx_word' id='word_1_38' title='bbox 1517 1322 1731 1378; x_wconf 90' lang='lat' dir='ltr'>Filium</span> <span class='ocrx_word' id='word_1_39' title='bbox 1762 1323 2157 1389; x_wconf 71' lang='lat' dir='ltr'>abneqandO...</span> <span class='ocrx_word' id='word_1_40' title='bbox 2187 1324 2265 1376; x_wconf 85' lang='lat' dir='ltr'>De</span> <span class='ocrx_word' id='word_1_41' title='bbox 2297 1323 2522 1387; x_wconf 62' lang='lat' dir='ltr'>Trinit„</span> <span class='ocrx_word' id='word_1_42' title='bbox 2551 1321 2641 1389; x_wconf 90' lang='lat' dir='ltr'>IV,</span> <span class='ocrx_word' id='word_1_43' title='bbox 2668 1324 2758 1374; x_wconf 88' lang='lat'>41.</span> 
     </span>
    </p>
   </div>
   <div class='ocr_carea' id='block_1_7' title="bbox 730 1456 2879 1636">
    <p class='ocr_par' dir='ltr' id='par_1_7' title="bbox 730 1456 2879 1636">
     <span class='ocr_line' id='line_1_10' title="bbox 730 1456 2879 1540; baseline -0.002 -20"><span class='ocrx_word' id='word_1_44' title='bbox 730 1457 1007 1522; x_wconf 84' lang='lat' dir='ltr'>Abolere.</span> <span class='ocrx_word' id='word_1_45' title='bbox 1043 1493 1112 1503; x_wconf 91' lang='lat'><em>-</em></span> <span class='ocrx_word' id='word_1_46' title='bbox 1155 1459 1343 1539; x_wconf 84' lang='lat' dir='ltr'>Apud</span> <span class='ocrx_word' id='word_1_47' title='bbox 1375 1459 1655 1540; x_wconf 88' lang='lat' dir='ltr'>optimos</span> <span class='ocrx_word' id='word_1_48' title='bbox 1687 1459 2060 1539; x_wconf 83' lang='lat' dir='ltr'>scriptoreS,</span> <span class='ocrx_word' id='word_1_49' title='bbox 2094 1460 2301 1518; x_wconf 82' lang='lat' dir='ltr'>delere</span> <span class='ocrx_word' id='word_1_50' title='bbox 2342 1456 2669 1539; x_wconf 82' lang='lat' dir='ltr'>(aliquid);</span> <span class='ocrx_word' id='word_1_51' title='bbox 2709 1456 2879 1538; x_wconf 90' lang='lat' dir='ltr'>apud</span> 
     </span>
     <span class='ocr_line' id='line_1_11' title="bbox 813 1554 2360 1636; baseline -0.001 -21"><span class='ocrx_word' id='word_1_52' title='bbox 813 1554 879 1616; x_wconf 92' lang='lat' dir='ltr'>S.</span> <span class='ocrx_word' id='word_1_53' title='bbox 912 1554 1246 1628; x_wconf 81' lang='lat' dir='ltr'><strong>Hilarium,</strong></span> <span class='ocrx_word' id='word_1_54' title='bbox 1276 1574 1523 1629; x_wconf 81' lang='lat' dir='ltr'>necare,</span> <span class='ocrx_word' id='word_1_55' title='bbox 1554 1560 1907 1633; x_wconf 73' lang='lat' dir='ltr'>interficere</span> <span class='ocrx_word' id='word_1_56' title='bbox 1939 1555 2289 1636; x_wconf 77' lang='lat' dir='ltr'><strong>(aliquem).</strong></span> <span class='ocrx_word' id='word_1_57' title='bbox 2353 1586 2360 1594; x_wconf 89' lang='lat'><strong>·</strong></span> 
     </span>
    </p>
   </div>
   <div class='ocr_carea' id='block_1_8' title="bbox 920 1656 2880 1836">
    <p class='ocr_par' dir='ltr' id='par_1_8' title="bbox 876 1656 2880 1836">
     <span class='ocr_line' id='line_1_12' title="bbox 971 1656 2880 1750; baseline -0 -19.047"><span class='ocrx_word' id='word_1_58' title='bbox 971 1679 1072 1749; x_wconf 89' lang='lat' dir='ltr'>qui</span> <span class='ocrx_word' id='word_1_59' title='bbox 1105 1679 1317 1733; x_wconf 81' lang='lat' dir='ltr'>transit</span> <span class='ocrx_word' id='word_1_60' title='bbox 1358 1694 1463 1749; x_wconf 87' lang='lat' dir='ltr'>per</span> <span class='ocrx_word' id='word_1_61' title='bbox 1506 1680 1706 1750; x_wconf 79' lang='lat' dir='ltr'>ignem</span> <span class='ocrx_word' id='word_1_62' title='bbox 1739 1656 1797 1733; x_wconf 79' lang='lat' dir='ltr'>et</span> <span class='ocrx_word' id='word_1_63' title='bbox 1827 1695 2065 1749; x_wconf 90' lang='lat' dir='ltr'>aquam,</span> <span class='ocrx_word' id='word_1_64' title='bbox 2091 1695 2213 1732; x_wconf 92' lang='lat' dir='ltr'>non</span> <span class='ocrx_word' id='word_1_65' title='bbox 2248 1678 2310 1732; x_wconf 88' lang='lat' dir='ltr'>iu</span> <span class='ocrx_word' id='word_1_66' title='bbox 2347 1678 2437 1732; x_wconf 92' lang='lat' dir='ltr'>his</span> <span class='ocrx_word' id='word_1_67' title='bbox 2466 1678 2786 1731; x_wconf 79' lang='lat' dir='ltr'><em>aboletur...</em></span> <span class='ocrx_word' id='word_1_68' title='bbox 2815 1678 2880 1730; x_wconf 90' lang='lat' dir='ltr'>In</span> 
     </span>
     <span class='ocr_line' id='line_1_13' title="bbox 920 1771 1383 1836; baseline -0.004 -11"><span class='ocrx_word' id='word_1_69' title='bbox 920 1771 1149 1825; x_wconf 53' lang='lat' dir='ltr'>,Psalnn</span> <span class='ocrx_word' id='word_1_70' title='bbox 1184 1771 1272 1836; x_wconf 77' lang='lat'>65,</span> <span class='ocrx_word' id='word_1_71' title='bbox 1297 1771 1383 1823; x_wconf 75' lang='lat'>22.</span> 
     </span>
    </p>
   </div>
   <div class='ocr_carea' id='block_1_9' title="bbox 729 1905 2882 2184">
    <p class='ocr_par' dir='ltr' id='par_1_9' title="bbox 729 1905 2882 2184">
     <span class='ocr_line' id='line_1_14' title="bbox 729 1905 2881 1990; baseline -0.001 -23"><span class='ocrx_word' id='word_1_72' title='bbox 729 1905 1083 1971; x_wconf 83' lang='lat' dir='ltr'>Absolvere.</span> <span class='ocrx_word' id='word_1_73' title='bbox 1137 1944 1214 1953; x_wconf 92' lang='lat'>—</span> <span class='ocrx_word' id='word_1_74' title='bbox 1257 1908 1449 1990; x_wconf 90' lang='lat' dir='ltr'>Apud</span> <span class='ocrx_word' id='word_1_75' title='bbox 1493 1907 1776 1989; x_wconf 87' lang='lat' dir='ltr'>optimos</span> <span class='ocrx_word' id='word_1_76' title='bbox 1834 1907 2226 1988; x_wconf 87' lang='lat' dir='ltr'>scriptores:</span> <span class='ocrx_word' id='word_1_77' title='bbox 2273 1910 2333 1967; x_wconf 86' lang='lat'>1⁰</span> <span class='ocrx_word' id='word_1_78' title='bbox 2378 1911 2615 1967; x_wconf 81' lang='lat' dir='ltr'>solvere</span> <span class='ocrx_word' id='word_1_79' title='bbox 2665 1906 2881 1988; x_wconf 75' lang='lat' dir='ltr'>(pecu-</span> 
     </span>
     <span class='ocr_line' id='line_1_15' title="bbox 815 2003 2882 2086; baseline -0 -21"><span class='ocrx_word' id='word_1_80' title='bbox 815 2004 1048 2078; x_wconf 80' lang='lat' dir='ltr'>niam);</span> <span class='ocrx_word' id='word_1_81' title='bbox 1093 2008 1156 2066; x_wconf 72' lang='lat'>‘2⁰</span> <span class='ocrx_word' id='word_1_82' title='bbox 1187 2009 1448 2081; x_wconf 75' lang='lat' dir='ltr'>judicio</span> <span class='ocrx_word' id='word_1_83' title='bbox 1511 2009 1781 2068; x_wconf 79' lang='lat' dir='ltr'>liberare</span> <span class='ocrx_word' id='word_1_84' title='bbox 1796 2025 1819 2084; x_wconf 86' lang='grc'>,·</span> <span class='ocrx_word' id='word_1_85' title='bbox 1868 2008 1932 2065; x_wconf 90' lang='lat'>3⁰</span> <span class='ocrx_word' id='word_1_86' title='bbox 1984 2012 2333 2084; x_wconf 69' lang='lat' dir='ltr'>perficere;</span> <span class='ocrx_word' id='word_1_87' title='bbox 2385 2005 2554 2086; x_wconf 91' lang='lat' dir='ltr'>apud</span> <span class='ocrx_word' id='word_1_88' title='bbox 2602 2003 2668 2066; x_wconf 92' lang='lat' dir='ltr'>S.</span> <span class='ocrx_word' id='word_1_89' title='bbox 2712 2003 2882 2064; x_wconf 90' lang='lat' dir='ltr'>Hila-</span> 
     </span>
     <span class='ocr_line' id='line_1_16' title="bbox 812 2103 1626 2184; baseline 0 -21"><span class='ocrx_word' id='word_1_90' title='bbox 812 2103 1000 2177; x_wconf 85' lang='lat' dir='ltr'>rium,</span> <span class='ocrx_word' id='word_1_91' title='bbox 1036 2107 1267 2164; x_wconf 75' lang='lat' dir='ltr'>laoeare</span> <span class='ocrx_word' id='word_1_92' title='bbox 1299 2103 1626 2184; x_wconf 83' lang='lat' dir='ltr'>(vincula).</span> 
     </span>
    </p>
   </div>
   <div class='ocr_carea' id='block_1_10' title="bbox 976 2226 2879 2300">
    <p class='ocr_par' dir='ltr' id='par_1_10' title="bbox 877 2226 2879 2300">
     <span class='ocr_line' id='line_1_17' title="bbox 976 2226 2879 2300; baseline -0.001 -18.148"><span class='ocrx_word' id='word_1_93' title='bbox 976 2228 1208 2282; x_wconf 82' lang='lat' dir='ltr'>asinam</span> <span class='ocrx_word' id='word_1_94' title='bbox 1234 2226 1474 2300; x_wconf 81' lang='lat' dir='ltr'>ligatam</span> <span class='ocrx_word' id='word_1_95' title='bbox 1499 2244 1631 2282; x_wconf 87' lang='lat' dir='ltr'>cum</span> <span class='ocrx_word' id='word_1_96' title='bbox 1666 2226 1829 2298; x_wconf 88' lang='lat' dir='ltr'>pullo</span> <span class='ocrx_word' id='word_1_97' title='bbox 1854 2227 1986 2296; x_wconf 86' lang='lat' dir='ltr'>ejus</span> <span class='ocrx_word' id='word_1_98' title='bbox 2006 2228 2362 2285; x_wconf 67' lang='lat' dir='ltr'>absolvant...</span> <span class='ocrx_word' id='word_1_99' title='bbox 2397 2228 2462 2280; x_wconf 89' lang='lat' dir='ltr'>In</span> <span class='ocrx_word' id='word_1_100' title='bbox 2483 2226 2683 2280; x_wconf 68' lang='lat' dir='ltr'>Mattio..</span> <span class='ocrx_word' id='word_1_101' title='bbox 2711 2230 2799 2292; x_wconf 81' lang='lat'>21,</span> <span class='ocrx_word' id='word_1_102' title='bbox 2829 2229 2879 2279; x_wconf 87' lang='grc'>1.</span> 
     </span>
    </p>
   </div>
   <div class='ocr_carea' id='block_1_11' title="bbox 728 2352 2882 2644">
    <p class='ocr_par' dir='ltr' id='par_1_11' title="bbox 728 2352 2882 2644">
     <span class='ocr_line' id='line_1_18' title="bbox 728 2352 2881 2448; baseline -0.003 -18"><span class='ocrx_word' id='word_1_103' title='bbox 728 2366 1051 2431; x_wconf 76' lang='lat' dir='ltr'>Amittere.</span> <span class='ocrx_word' id='word_1_104' title='bbox 1086 2405 1165 2412; x_wconf 92' lang='lat'><strong>—</strong></span> <span class='ocrx_word' id='word_1_105' title='bbox 1206 2366 1357 2428; x_wconf 84' lang='lat' dir='ltr'>Haee</span> <span class='ocrx_word' id='word_1_106' title='bbox 1400 2386 1523 2427; x_wconf 85' lang='lat' dir='ltr'>vox</span> <span class='ocrx_word' id='word_1_107' title='bbox 1559 2387 1701 2448; x_wconf 88' lang='lat' dir='ltr'>quae</span> <span class='ocrx_word' id='word_1_108' title='bbox 1731 2366 1902 2446; x_wconf 90' lang='lat' dir='ltr'>apud</span> <span class='ocrx_word' id='word_1_109' title='bbox 1937 2385 2161 2425; x_wconf 89' lang='lat' dir='ltr'>omnes</span> <span class='ocrx_word' id='word_1_110' title='bbox 2204 2352 2376 2425; x_wconf 85' lang='lat' dir='ltr'>idem</span> <span class='ocrx_word' id='word_1_111' title='bbox 2409 2372 2594 2425; x_wconf 86' lang='lat' dir='ltr'>sonat</span> <span class='ocrx_word' id='word_1_112' title='bbox 2627 2385 2701 2425; x_wconf 88' lang='lat' dir='ltr'>ae</span> <span class='ocrx_word' id='word_1_113' title='bbox 2731 2384 2881 2440; x_wconf 76' lang='lat' dir='ltr'>per-</span> 
     </span>
     <span class='ocr_line' id='line_1_19' title="bbox 813 2461 2882 2545; baseline -0.002 -18"><span class='ocrx_word' id='word_1_114' title='bbox 813 2469 981 2539; x_wconf 80' lang='lat' dir='ltr'>dere,</span> <span class='ocrx_word' id='word_1_115' title='bbox 1013 2464 1181 2527; x_wconf 90' lang='lat' dir='ltr'>idem</span> <span class='ocrx_word' id='word_1_116' title='bbox 1208 2465 1401 2528; x_wconf 86' lang='lat' dir='ltr'>etiam</span> <span class='ocrx_word' id='word_1_117' title='bbox 1434 2472 1620 2526; x_wconf 84' lang='lat' dir='ltr'>sonat</span> <span class='ocrx_word' id='word_1_118' title='bbox 1657 2462 1828 2545; x_wconf 86' lang='lat' dir='ltr'>apud</span> <span class='ocrx_word' id='word_1_119' title='bbox 1853 2462 1919 2525; x_wconf 91' lang='lat' dir='ltr'>S.</span> <span class='ocrx_word' id='word_1_120' title='bbox 1957 2461 2273 2524; x_wconf 83' lang='lat' dir='ltr'>Hilarium</span> <span class='ocrx_word' id='word_1_121' title='bbox 2305 2481 2377 2523; x_wconf 86' lang='lat' dir='ltr'>ae</span> <span class='ocrx_word' id='word_1_122' title='bbox 2417 2482 2429 2524; x_wconf 93' lang='lat'>:</span> <span class='ocrx_word' id='word_1_123' title='bbox 2465 2465 2526 2523; x_wconf 84' lang='lat'>1⁰</span> <span class='ocrx_word' id='word_1_124' title='bbox 2554 2465 2837 2523; x_wconf 75' lang='lat' dir='ltr'>desinere</span> <span class='ocrx_word' id='word_1_125' title='bbox 2861 2480 2882 2536; x_wconf 85' lang='lat'>‚·</span> 
     </span>
     <span class='ocr_line' id='line_1_20' title="bbox 813 2562 2139 2644; baseline -0.003 -19"><span class='ocrx_word' id='word_1_126' title='bbox 813 2568 875 2625; x_wconf 76' lang='lat'>2⁰</span> <span class='ocrx_word' id='word_1_127' title='bbox 909 2585 1029 2624; x_wconf 77' lang='lat' dir='ltr'>sua</span> <span class='ocrx_word' id='word_1_128' title='bbox 1058 2574 1274 2640; x_wconf 77' lang='lat' dir='ltr'>sponte</span> <span class='ocrx_word' id='word_1_129' title='bbox 1305 2583 1554 2624; x_wconf 74' lang='lat' dir='ltr'>exuere.</span> <span class='ocrx_word' id='word_1_130' title='bbox 1592 2562 1691 2624; x_wconf 81' lang='lat' dir='ltr'>Cf.</span> <span class='ocrx_word' id='word_1_131' title='bbox 1726 2565 1904 2635; x_wconf 75' lang='lat' dir='ltr'>Stioe,</span> <span class='ocrx_word' id='word_1_132' title='bbox 1937 2583 1999 2644; x_wconf 91' lang='lat' dir='ltr'>p.</span> <span class='ocrx_word' id='word_1_133' title='bbox 2043 2564 2139 2621; x_wconf 86' lang='lat'>11.</span> 
     </span>
    </p>
   </div>
   <div class='ocr_carea' id='block_1_12' title="bbox 949 2682 2885 3018">
    <p class='ocr_par' dir='ltr' id='par_1_12' title="bbox 881 2682 2885 2846">
     <span class='ocr_line' id='line_1_21' title="bbox 984 2682 2885 2756; baseline -0.003 -16.36"><span class='ocrx_word' id='word_1_134' title='bbox 984 2702 1178 2755; x_wconf 89' lang='lat' dir='ltr'>neque</span> <span class='ocrx_word' id='word_1_135' title='bbox 1209 2688 1470 2742; x_wconf 81' lang='lat' dir='ltr'>amiserat</span> <span class='ocrx_word' id='word_1_136' title='bbox 1522 2683 1822 2756; x_wconf 80' lang='lat' dir='ltr'>(desierat)</span> <span class='ocrx_word' id='word_1_137' title='bbox 1871 2700 1998 2737; x_wconf 87' lang='lat' dir='ltr'>esse</span> <span class='ocrx_word' id='word_1_138' title='bbox 2044 2682 2204 2752; x_wconf 90' lang='lat' dir='ltr'>quod</span> <span class='ocrx_word' id='word_1_139' title='bbox 2249 2688 2615 2736; x_wconf 81' lang='lat' dir='ltr'>manserat...</span> <span class='ocrx_word' id='word_1_140' title='bbox 2657 2685 2730 2735; x_wconf 85' lang='lat' dir='ltr'>De</span> <span class='ocrx_word' id='word_1_141' title='bbox 2762 2683 2885 2735; x_wconf 76' lang='lat' dir='ltr'>Tri-</span> 
     </span>
     <span class='ocr_line' id='line_1_22' title="bbox 951 2776 2844 2846; baseline -0.005 -16"><span class='ocrx_word' id='word_1_142' title='bbox 951 2779 1082 2841; x_wconf 80' lang='lat' dir='ltr'>nit.,</span> <span class='ocrx_word' id='word_1_143' title='bbox 1114 2776 1206 2840; x_wconf 82' lang='lat' dir='ltr'>XI,</span> <span class='ocrx_word' id='word_1_144' title='bbox 1238 2778 1323 2828; x_wconf 83' lang='grc'>16.</span> <span class='ocrx_word' id='word_1_145' title='bbox 2763 2816 2767 2819; x_wconf 90' lang='grc'><strong>.</strong></span> <span class='ocrx_word' id='word_1_146' title='bbox 2833 2841 2844 2846; x_wconf 60' lang='lat'><strong>-</strong></span> 
     </span>
    </p>

    <p class='ocr_par' dir='ltr' id='par_1_13' title="bbox 880 2859 2880 3018">
     <span class='ocr_line' id='line_1_23' title="bbox 983 2859 2880 2934; baseline -0.005 -13.464"><span class='ocrx_word' id='word_1_147' title='bbox 983 2869 1246 2921; x_wconf 71' lang='lat' dir='ltr'>amiserat</span> <span class='ocrx_word' id='word_1_148' title='bbox 1271 2865 1504 2934; x_wconf 87' lang='lat' dir='ltr'>(sponte</span> <span class='ocrx_word' id='word_1_149' title='bbox 1537 2861 1805 2931; x_wconf 85' lang='lat' dir='ltr'>exuerat)</span> <span class='ocrx_word' id='word_1_150' title='bbox 1837 2866 2038 2915; x_wconf 87' lang='lat' dir='ltr'>tamen</span> <span class='ocrx_word' id='word_1_151' title='bbox 2069 2876 2204 2914; x_wconf 85' lang='lat' dir='ltr'>eum</span> <span class='ocrx_word' id='word_1_152' title='bbox 2234 2859 2429 2915; x_wconf 85' lang='lat' dir='ltr'>forma</span> <span class='ocrx_word' id='word_1_153' title='bbox 2458 2860 2559 2913; x_wconf 90' lang='lat' dir='ltr'>Dei</span> <span class='ocrx_word' id='word_1_154' title='bbox 2590 2865 2880 2913; x_wconf 60' lang='lat' dir='ltr'>natura)...</span> 
     </span>
     <span class='ocr_line' id='line_1_24' title="bbox 949 2939 2794 3018; baseline -0.005 -9"><span class='ocrx_word' id='word_1_155' title='bbox 949 2955 1306 3010; x_wconf 85' lang='lat' dir='ltr'>unitatem...</span> <span class='ocrx_word' id='word_1_156' title='bbox 1340 2955 1416 3006; x_wconf 77' lang='lat' dir='ltr'>De</span> <span class='ocrx_word' id='word_1_157' title='bbox 1447 2953 1671 3018; x_wconf 67' lang='lat' dir='ltr'>Trina„</span> <span class='ocrx_word' id='word_1_158' title='bbox 1709 2952 1800 3016; x_wconf 85' lang='lat' dir='ltr'>IX,</span> <span class='ocrx_word' id='word_1_159' title='bbox 1834 2953 1926 3006; x_wconf 89' lang='lat'>38.</span> <span class='ocrx_word' id='word_1_160' title='bbox 2297 2949 2300 2952; x_wconf 76' lang='grc'><strong>’</strong></span> <span class='ocrx_word' id='word_1_161' title='bbox 2780 2939 2794 2956; x_wconf 82' lang='lat'><strong><em>‘</em></strong></span> 
     </span>
    </p>
   </div>
   <div class='ocr_carea' id='block_1_13' title="bbox 729 3057 2981 3256">
    <p class='ocr_par' dir='ltr' id='par_1_14' title="bbox 729 3057 2981 3256">
     <span class='ocr_line' id='line_1_25' title="bbox 729 3057 2981 3164; baseline -0.005 -15"><span class='ocrx_word' id='word_1_162' title='bbox 729 3086 1033 3149; x_wconf 85' lang='lat' dir='ltr'>Animari.</span> <span class='ocrx_word' id='word_1_163' title='bbox 1067 3120 1146 3128; x_wconf 89' lang='lat'>—-</span> <span class='ocrx_word' id='word_1_164' title='bbox 1169 3081 1358 3164; x_wconf 89' lang='lat' dir='ltr'>Apud</span> <span class='ocrx_word' id='word_1_165' title='bbox 1389 3082 1787 3151; x_wconf 82' lang='lat' dir='ltr'>Ciceronem,</span> <span class='ocrx_word' id='word_1_166' title='bbox 1815 3057 1932 3141; x_wconf 46' lang='lat' dir='ltr'>¹hoe</span> <span class='ocrx_word' id='word_1_167' title='bbox 1962 3082 2061 3139; x_wconf 82' lang='lat' dir='ltr'>vel</span> <span class='ocrx_word' id='word_1_168' title='bbox 2090 3083 2199 3139; x_wconf 82' lang='lat' dir='ltr'>illo</span> <span class='ocrx_word' id='word_1_169' title='bbox 2230 3082 2415 3139; x_wconf 84' lang='lat' dir='ltr'>modo</span> <span class='ocrx_word' id='word_1_170' title='bbox 2445 3084 2636 3157; x_wconf 74' lang='lat' dir='ltr'>affici</span> <span class='ocrx_word' id='word_1_171' title='bbox 2654 3098 2679 3156; x_wconf 85' lang='lat'>,·</span> <span class='ocrx_word' id='word_1_172' title='bbox 2710 3077 2879 3161; x_wconf 85' lang='lat' dir='ltr'>apud</span> <span class='ocrx_word' id='word_1_173' title='bbox 2978 3070 2981 3076; x_wconf 66' lang='grc'>’</span> 
     </span>
     <span class='ocr_line' id='line_1_26' title="bbox 824 3182 1895 3256; baseline -0.007 -11"><span class='ocrx_word' id='word_1_174' title='bbox 824 3186 890 3246; x_wconf 89' lang='lat' dir='ltr'>S.</span> <span class='ocrx_word' id='word_1_175' title='bbox 928 3182 1264 3256; x_wconf 86' lang='lat' dir='ltr'>Hilarium,</span> <span class='ocrx_word' id='word_1_176' title='bbox 1300 3184 1593 3253; x_wconf 76' lang='lat' dir='ltr'>eoeeicari,</span> <span class='ocrx_word' id='word_1_177' title='bbox 1630 3183 1895 3256; x_wconf 73' lang='lat' dir='ltr'>impelli.</span> 
     </span>
    </p>
   </div>
   <div class='ocr_carea' id='block_1_14' title="bbox 986 3300 2881 3375">
    <p class='ocr_par' dir='ltr' id='par_1_15' title="bbox 862 3300 2881 3382">
     <span class='ocr_line' id='line_1_27' title="bbox 986 3300 2881 3375; baseline -0.005 -14.614"><span class='ocrx_word' id='word_1_178' title='bbox 986 3323 1091 3375; x_wconf 89' lang='lat' dir='ltr'>per</span> <span class='ocrx_word' id='word_1_179' title='bbox 1122 3322 1259 3359; x_wconf 91' lang='lat' dir='ltr'>eum</span> <span class='ocrx_word' id='word_1_180' title='bbox 1288 3303 1635 3375; x_wconf 86' lang='lat' dir='ltr'>(diabolum)</span> <span class='ocrx_word' id='word_1_181' title='bbox 1665 3304 2020 3357; x_wconf 76' lang='lat' dir='ltr'>animabatur</span> <span class='ocrx_word' id='word_1_182' title='bbox 2054 3300 2344 3373; x_wconf 84' lang='lat' dir='ltr'>(Judas)...</span> <span class='ocrx_word' id='word_1_183' title='bbox 2368 3302 2434 3355; x_wconf 88' lang='lat' dir='ltr'>In</span> <span class='ocrx_word' id='word_1_184' title='bbox 2465 3302 2807 3365; x_wconf 81' lang='lat' dir='ltr'>Psalm.142,</span> <span class='ocrx_word' id='word_1_185' title='bbox 2831 3302 2881 3351; x_wconf 77' lang='lat'>2.</span> 
     </span>
    </p>
   </div>
   <div class='ocr_carea' id='block_1_15' title="bbox 736 3423 2887 3600">
    <p class='ocr_par' dir='ltr' id='par_1_16' title="bbox 736 3423 2887 3600">
     <span class='ocr_line' id='line_1_28' title="bbox 736 3423 2887 3511; baseline -0.007 -14"><span class='ocrx_word' id='word_1_186' title='bbox 736 3432 1050 3498; x_wconf 83' lang='lat' dir='ltr'>Breviare.</span> <span class='ocrx_word' id='word_1_187' title='bbox 1082 3467 1156 3475; x_wconf 92' lang='lat'>——-</span> <span class='ocrx_word' id='word_1_188' title='bbox 1174 3429 1363 3511; x_wconf 90' lang='lat' dir='ltr'>Apud</span> <span class='ocrx_word' id='word_1_189' title='bbox 1390 3428 1881 3507; x_wconf 86' lang='lat' dir='ltr'>Quintilianum,</span> <span class='ocrx_word' id='word_1_190' title='bbox 1900 3431 2271 3488; x_wconf 78' lang='lat' dir='ltr'>contrahere</span> <span class='ocrx_word' id='word_1_191' title='bbox 2294 3425 2657 3507; x_wconf 85' lang='lat' dir='ltr'>(syllabam)</span> <span class='ocrx_word' id='word_1_192' title='bbox 2681 3444 2693 3499; x_wconf 95' lang='grc'>;</span> <span class='ocrx_word' id='word_1_193' title='bbox 2715 3423 2887 3506; x_wconf 91' lang='lat' dir='ltr'>apud</span> 
     </span>
     <span class='ocr_line' id='line_1_29' title="bbox 822 3528 1977 3600; baseline -0.003 -9"><span class='ocrx_word' id='word_1_194' title='bbox 822 3530 886 3592; x_wconf 84' lang='lat' dir='ltr'>S.</span> <span class='ocrx_word' id='word_1_195' title='bbox 923 3528 1262 3600; x_wconf 91' lang='lat' dir='ltr'>Hilarium,</span> <span class='ocrx_word' id='word_1_196' title='bbox 1304 3531 1584 3587; x_wconf 79' lang='lat' dir='ltr'>minuere</span> <span class='ocrx_word' id='word_1_197' title='bbox 1618 3545 1977 3587; x_wconf 78' lang='lat' dir='ltr'>numerum.</span> 
     </span>
    </p>
   </div>
   <div class='ocr_carea' id='block_1_16' title="bbox 989 3616 2889 3708">
    <p class='ocr_par' dir='ltr' id='par_1_17' title="bbox 886 3616 2889 3708">
     <span class='ocr_line' id='line_1_30' title="bbox 989 3616 2889 3708; baseline -0.004 -13.411"><span class='ocrx_word' id='word_1_198' title='bbox 989 3639 1278 3695; x_wconf 78' lang='lat' dir='ltr'>breviandi</span> <span class='ocrx_word' id='word_1_199' title='bbox 1320 3639 1450 3692; x_wconf 87' lang='lat' dir='ltr'>dies</span> <span class='ocrx_word' id='word_1_200' title='bbox 1493 3643 1736 3708; x_wconf 91' lang='lat' dir='ltr'>propter</span> <span class='ocrx_word' id='word_1_201' title='bbox 1779 3636 1996 3690; x_wconf 84' lang='lat' dir='ltr'>electos</span> <span class='ocrx_word' id='word_1_202' title='bbox 2036 3636 2206 3690; x_wconf 90' lang='lat' dir='ltr'>Dei...</span> <span class='ocrx_word' id='word_1_203' title='bbox 2247 3638 2453 3691; x_wconf 78' lang='lat' dir='ltr'>Contra</span> <span class='ocrx_word' id='word_1_204' title='bbox 2492 3616 2889 3701; x_wconf 72' lang='lat' dir='ltr'>Constant.,1.</span> 
     </span>
    </p>
   </div>
   <div class='ocr_carea' id='block_1_17' title="bbox 740 3760 2887 4038">
    <p class='ocr_par' dir='ltr' id='par_1_18' title="bbox 740 3760 2887 4038">
     <span class='ocr_line' id='line_1_31' title="bbox 740 3760 2886 3849; baseline -0.006 -18"><span class='ocrx_word' id='word_1_205' title='bbox 740 3765 1224 3849; x_wconf 78' lang='lat' dir='ltr'>Cognominare.</span> <span class='ocrx_word' id='word_1_206' title='bbox 1271 3799 1348 3807; x_wconf 91' lang='lat'>—-</span> <span class='ocrx_word' id='word_1_207' title='bbox 1405 3761 1594 3842; x_wconf 92' lang='lat' dir='ltr'>Apud</span> <span class='ocrx_word' id='word_1_208' title='bbox 1647 3760 1926 3822; x_wconf 88' lang='lat' dir='ltr'>Plinium</span> <span class='ocrx_word' id='word_1_209' title='bbox 1973 3769 2037 3822; x_wconf 91' lang='lat' dir='ltr'>et</span> <span class='ocrx_word' id='word_1_210' title='bbox 2096 3760 2495 3833; x_wconf 88' lang='lat' dir='ltr'>Suetonium,</span> <span class='ocrx_word' id='word_1_211' title='bbox 2548 3778 2886 3831; x_wconf 69' lang='lat' dir='ltr'>coynomen</span> 
     </span>
     <span class='ocr_line' id='line_1_32' title="bbox 818 3857 2887 3940; baseline -0.004 -15"><span class='ocrx_word' id='word_1_212' title='bbox 818 3868 1027 3925; x_wconf 69' lang='lat' dir='ltr'>aliem·</span> <span class='ocrx_word' id='word_1_213' title='bbox 1054 3868 1377 3938; x_wconf 79' lang='lat' dir='ltr'>imponere</span> <span class='ocrx_word' id='word_1_214' title='bbox 1392 3877 1417 3935; x_wconf 88' lang='lat'><em>;</em></span> <span class='ocrx_word' id='word_1_215' title='bbox 1453 3857 1621 3940; x_wconf 89' lang='lat' dir='ltr'>apud</span> <span class='ocrx_word' id='word_1_216' title='bbox 1663 3859 1730 3919; x_wconf 89' lang='lat' dir='ltr'>S.</span> <span class='ocrx_word' id='word_1_217' title='bbox 1785 3858 2119 3931; x_wconf 88' lang='lat' dir='ltr'>Hilarium,</span> <span class='ocrx_word' id='word_1_218' title='bbox 2169 3879 2399 3919; x_wconf 83' lang='lat' dir='ltr'>nomen</span> <span class='ocrx_word' id='word_1_219' title='bbox 2442 3879 2586 3919; x_wconf 79' lang='lat' dir='ltr'>eum</span> <span class='ocrx_word' id='word_1_220' title='bbox 2627 3861 2887 3917; x_wconf 83' lang='lat' dir='ltr'>nomine</span> 
     </span>
     <span class='ocr_line' id='line_1_33' title="bbox 821 3965 1230 4038; baseline -0.012 -14"><span class='ocrx_word' id='word_1_221' title='bbox 821 3965 1230 4038; x_wconf 61' lang='lat' dir='ltr'>conjungere.</span> 
     </span>
    </p>
   </div>
   <div class='ocr_carea' id='block_1_18' title="bbox 856 4081 2891 4246">
    <p class='ocr_par' dir='ltr' id='par_1_19' title="bbox 856 4081 2891 4246">
     <span class='ocr_line' id='line_1_34' title="bbox 989 4081 2891 4153; baseline -0.003 -13.356"><span class='ocrx_word' id='word_1_222' title='bbox 989 4101 1099 4140; x_wconf 85' lang='lat' dir='ltr'>nee</span> <span class='ocrx_word' id='word_1_223' title='bbox 1129 4083 1177 4137; x_wconf 87' lang='lat' dir='ltr'>si</span> <span class='ocrx_word' id='word_1_224' title='bbox 1214 4088 1329 4136; x_wconf 88' lang='lat' dir='ltr'>stet</span> <span class='ocrx_word' id='word_1_225' title='bbox 1357 4083 1581 4151; x_wconf 84' lang='lat' dir='ltr'>Moyses</span> <span class='ocrx_word' id='word_1_226' title='bbox 1608 4084 1666 4134; x_wconf 89' lang='lat' dir='ltr'>et</span> <span class='ocrx_word' id='word_1_227' title='bbox 1696 4081 1955 4147; x_wconf 89' lang='lat' dir='ltr'>Samuel,</span> <span class='ocrx_word' id='word_1_228' title='bbox 1988 4084 2168 4153; x_wconf 87' lang='lat' dir='ltr'>Moysi</span> <span class='ocrx_word' id='word_1_229' title='bbox 2197 4084 2619 4151; x_wconf 61' lang='lat' dir='ltr'>cognominatus</span> <span class='ocrx_word' id='word_1_230' title='bbox 2651 4085 2707 4134; x_wconf 87' lang='lat' dir='ltr'>et</span> <span class='ocrx_word' id='word_1_231' title='bbox 2738 4096 2891 4134; x_wconf 78' lang='lat' dir='ltr'>coae-</span> 
     </span>
     <span class='ocr_line' id='line_1_35' title="bbox 856 4171 1955 4246; baseline -0.005 -16"><span class='ocrx_word' id='word_1_232' title='bbox 856 4197 859 4200; x_wconf 94' lang='lat'>·</span> <span class='ocrx_word' id='word_1_233' title='bbox 956 4179 1173 4246; x_wconf 87' lang='lat' dir='ltr'>quatus</span> <span class='ocrx_word' id='word_1_234' title='bbox 1204 4171 1343 4225; x_wconf 84' lang='lat' dir='ltr'>sit...</span> <span class='ocrx_word' id='word_1_235' title='bbox 1378 4173 1443 4224; x_wconf 90' lang='lat' dir='ltr'>In</span> <span class='ocrx_word' id='word_1_236' title='bbox 1466 4173 1667 4225; x_wconf 81' lang='lat' dir='ltr'>Psalm.</span> <span class='ocrx_word' id='word_1_237' title='bbox 1699 4172 1870 4224; x_wconf 86' lang='lat' dir='ltr'>Instr.</span> <span class='ocrx_word' id='word_1_238' title='bbox 1904 4174 1955 4224; x_wconf 79' lang='lat'>4.</span> 
     </span>
    </p>
   </div>
  </div>
 </body>
</html>
