3371 4999
2481 336 2500 397 i

475 551 847 641 Contestari.
895 588 974 597 -—-
1012 549 1201 634 Apud
1246 552 1643 625 Ciceronem,
1694 563 1907 613 testem
1940 554 2240 614 adhibere
2278 561 2388 614 aut
2426 554 2616 616 etiam

543 660 858 711 certamen
881 654 1205 711 instituere
1223 668 1249 726 ;
1273 650 1442 732 apud
1471 652 1538 712 S.
1565 650 1903 722 Hilarium,
1924 655 2237 727 profiteri,
2260 652 2611 713 declarare.

711 772 886 840 cujus
927 774 1095 843 regni
1146 775 1585 843 perennitatem
1632 773 1834 828 Daniel
1882 773 1961 827 ita
2000 781 2341 829 contestatus
2366 782 2513 829 est...
2551 779 2614 829 1η

672 858 876 917 Ρεὰίπι.
913 867 1032 931 144,
1068 868 1118 918 1.

459 999 771 1065 Cruciare.
801 1036 880 1046 —
908 999 1097 1083 Apud
1143 1001 1544 1075 Ciceronem,
1582 1014 1871 1080 torquere
1891 1020 1916 1078 ;
1960 1001 2128 1085 apud
2166 1002 2234 1064 S.
2271 1000 2609 1079 Hilarium,

538 1101 713 1158 eruci
737 1104 1031 1178 affiyere.

707 1205 844 1276 cum
884 1223 1180 1278 Christum
1225 1224 1412 1278 Deum
1455 1224 1848 1294 praedicamus
1888 1227 2266 1301 cruciatum...
2300 1226 2365 1278 In
2402 1224 2605 1278 Psalm.

673 1315 793 1379 122,
831 1315 915 1366 10.
949 1313 1145 1367 Front.
1183 1314 1337 1367 Lact.

454 1448 698 1512 Deesse.
742 1486 820 1493 —-
871 1449 1061 1531 Apud
1109 1450 1388 1530 optimos
1442 1450 1815 1531 scriptoreS,
1868 1452 2157 1527 deficere,
2209 1451 2567 1509 desiderari
2586 1468 2609 1524 ,·

535 1545 705 1628 apud
743 1547 810 1609 S.
843 1546 1179 1619 Hilarium,
1217 1550 1523 1608 desinere.

703 1669 750 1723 si
783 1687 906 1724 non
955 1669 1278 1740 aliquando
1310 1670 1557 1739 defuerit
1599 1670 1689 1725 vel
1735 1671 1891 1724 Deus
1943 1686 2070 1725 esse
2115 1668 2205 1723 vel
2250 1648 2496 1724 Filius..‘.
2531 1671 2607 1723 De

643 1761 893 1827 Trinit„
928 1760 1020 1827 XI,
1053 1763 1105 1814 2.

450 1898 791 1977 Denegare.
827 1933 906 1941 —
945 1896 1133 1978 Apud
1175 1897 1551 1958 Ciceronem
1597 1905 1658 1957 et
1704 1896 2050 1971 Caesarem,
2083 1900 2397 1970 abnuere3
2432 1894 2603 1978 apud

533 1993 601 2054 S.
634 1993 968 2070 Hilarium,
1004 1998 1302 2072 infitiari,
1336 2014 1588 2070 negare.

699 2118 797 2187 qui
844 2134 1050 2173 verum
1091 2119 1300 2186 Deum,
1339 2116 1551 2172 Filium
1594 2118 1696 2172 Dei
1738 2118 1974 2183 (leneyat
2009 2158 2045 2170 ..
2081 2118 2155 2169 De
2188 2118 2411 2182 Trinit„
2445 2118 2510 2184 V,
2546 2119 2598 2170 9.

446 2252 759 2316 Deserere.
807 2289 886 2298 --
949 2251 1136 2335 Apud
1193 2253 1472 2335 optimos
1531 2253 1903 2335 scriptores,
1963 2256 2323 2330 relinquere
2345 2269 2369 2327 ;
2430 2252 2600 2333 apud

531 2349 598 2411 S.
638 2350 971 2421 Hilarium,
1005 2354 1344 2412 abhorrere.
1371 2352 1524 2431 (ab),
1559 2356 1808 2410 alienus
1845 2371 1995 2410 esse.

695 2490 916 2529 nomen
968 2474 1146 2546 igitur
1194 2480 1443 2541 natura»,
1495 2475 1631 2529 fidei
1694 2480 1909 2530 nostran
1955 2492 2078 2529 non
2133 2474 2332 2528 (leserit
2380 2476 2598 2543 profes-

657 2565 930 2618 sionem...
964 2567 1040 2618 De
1063 2567 1287 2633 Triuia,
1314 2566 1428 2628 Vll,
1462 2569 1544 2619 13.

444 2701 804 2781 Desperare.
838 2739 917 2746 —
948 2700 1136 2782 Apud
1167 2702 1443 2784 optimos
1474 2703 1846 2784 scriptores,
1882 2722 2062 2779 opem
2083 2705 2355 2778 perdere
2375 2719 2399 2776 ,·
2426 2700 2594 2782 apud

528 2799 595 2860 S.
637 2799 971 2877 Hilarium,
1006 2820 1237 2877 neyare
1267 2804 1518 2878 aliquid
1544 2804 1745 2860 alicui
1773 2810 1991 2875 aptum
2024 2820 2177 2859 esse.

689 2953 912 3018 quanta
961 2949 1181 3004 furoris
1230 2949 1491 3003 haeretici
1560 2949 1812 3003 stultitia
1861 2954 1967 3032 est,
2019 2949 2321 3017 desperare
2362 2948 2420 3002 id
2475 2949 2593 3001 Deo

657 3038 814 3107 quod
838 3038 1116 3092 humanis
1142 3039 1266 3092 suis
1295 3038 1512 3109 spebus
1543 3038 1904 3092 blandiatur.
1934 3039 2011 3091 De
2043 3039 2272 3104 Trinit„
2297 3038 2392 3104 Xl,
2417 3039 2504 3090 4-3.

442 3172 785 3239 Destinare.
821 3212 899 3219 —
938 3173 1127 3258 Apud
1163 3178 1440 3258 optimos
1473 3176 1845 3258 scriptoreS,
1880 3176 2255 3258 plerumque
2291 3151 2596 3248 statuere,-

513 3278 838 3352 praefim're
857 3292 881 3349 ;
911 3274 1080 3355 apud
1116 3274 1182 3336 S.
1220 3274 1558 3349 Hilarium,
1593 3279 1860 3362 mittere.

687 3402 745 3451 et
792 3399 1104 3453 nocturnis
1157 3398 1474 3453 itineribus
1523 3399 1852 3454 exercitum
1901 3415 2143 3452 suum...
2195 3397 2585 3451 destinasset...

653 3488 716 3540 In
743 3487 944 3541 Psalm.
972 3491 1093 3552 137,
1129 3491 1179 3541 5.

436 3624 702 3712 Differri.
756 3663 833 3669 -
889 3625 1039 3689 Haec
1077 3646 1200 3687 vox
1239 3627 1409 3688 idem
1463 3626 1631 3709 apud
1685 3627 1752 3686 S.
1817 3625 2133 3685 Ililarium
2187 3609 2374 3686 sonat
2418 3622 2588 3705 quod

516 3722 684 3803 apud
728 3721 1023 3784 Plautum
1065 3732 1126 3784 et
1165 3722 1556 3797 Terentium,
1616 3723 1862 3784 scilicet
1909 3726 2156 3801 confici,
2207 3726 2420 3781 animo
2456 3732 2586 3780 tor-

517 3840 718 3897 quere.

683 3950 889 4010 a¹stu0,
943 3944 1199 4012 differor,
1251 3944 1508 4000 hebesco
1561 3951 1620 3999 et
1671 3947 1827 3999 unde
1874 3945 2156 4014 incipiam
2199 3943 2468 3997 nescio...
2518 3944 2598 3995 De

649 4021 870 4100 Trihn„
907 4034 974 4099 11,
1010 4038 1094 4087 12.

432 4169 709 4234 Elevare.
740 4206 820 4215 —
844 4171 1032 4253 Apud
1060 4172 1337 4255 optimos
1366 4174 1738 4256 scriptores,
1763 4180 2046 4236 minuere
2072 4175 2404 4254 (dolorem,
2440 4196 2584 4238 auc-
