3371 4999
1319 491 1412 511 -..,.
1456 423 1575 519 1ὲ3.
1604 493 1706 509 -f

532 668 533 671 ,
681 620 994 683 parentum
1039 615 1359 670 sedulitate
1406 616 1652 684 confoti,
1689 621 1911 670 exeunt
1962 618 2020 669 in
2060 616 2307 668 volatum
2333 612 2439 684 (ad
2489 630 2582 667 vo-

642 701 972 772 landum)...
1006 705 1072 758 In
1098 705 1296 759 Manli.
1325 708 1414 771 24,
1441 710 1525 759 11.
2417 702 2420 707 ”

675 795 733 845 in
774 793 1207 862 redemptionem
1233 795 1393 849 enim
1434 796 1666 849 venisse
1704 795 1915 847 domus
1945 792 2124 847 David
2149 789 2581 863 praedicabatur

644 882 741 951 (ad
770 883 1279 951 redimendum)...
1311 885 1373 936 ln
1406 884 1603 937 Matth.
1637 888 1725 948 21,
1761 888 1810 938 ὃ.

507 1021 563 1099 c)
609 1016 872 1100 Aliquot
900 1020 1186 1101 ejusdem
1229 1021 1486 1102 generis
1517 1021 1774 1081 nomina
1810 1020 2044 1102 quibus
2080 1026 2224 1099 post
2256 1018 2590 1100 praeponi-‘

429 1124 552 1189 tur,
592 1120 707 1198 pro
754 1117 966 1178 verbis
1007 1118 1070 1177 in
1125 1118 1313 1179 modo
1359 1118 1680 1199 personali
1727 1117 1957 1198 positis
2003 1117 2374 1199 junctisque
2433 1135 2576 1177 cum

427 1215 869 1294 conjunctione
911 1225 1270 1293 postquam,
1332 1215 1430 1276 vel
1469 1216 1659 1276 etiam
1698 1237 1813 1298 pro
1865 1216 2221 1297 participiis
2270 1213 2576 1295 praeteriti

424 1314 734 1394 temporis
766 1314 1212 1395 subjiciuntur.
1542 1312 1546 1317 ⁴

673 1462 800 1524 post
847 1458 968 1509 sitis
1006 1459 1533 1524 protestationem...
1569 1456 1827 1527 subjecit
1855 1457 2190 1527 (postquam
2223 1457 2580 1524 protestatus

643 1538 823 1598 estse
856 1544 1112 1614 sitire)...
1147 1548 1212 1599 ln
1239 1546 1441 1600 l’salm.
1476 1549 1564 1612 62,
1589 1548 1640 1598 4.
2554 1558 2558 1565 ·
2585 1538 2586 1541 ¹

671 1640 801 1701 post
843 1640 1234 1688 ereaturarum
1279 1635 1658 1688 laudationem
1710 1636 1866 1703 (post
1910 1633 2179 1687 laudatas
2232 1629 2575 1701 creaturas).

642 1725 705 1776 In
738 1725 939 1777 Psalm.
978 1728 1095 1791 149,
1125 1728 1175 1778 3.

669 1819 797 1880 post
826 1813 1146 1867 Judaeorum
1190 1815 1675 1866 insectationem...
1706 1813 1973 1867 Christus
2007 1812 2387 1879 adgentes..
2425 1816 2583 1865 tran-

638 1902 714 1954 sit
741 1902 1077 1973 (postquam
1106 1903 1343 1958 Judams
1374 1903 1700 1957 insectatus
1727 1902 1905 1971 est)...
1941 1905 2006 1954 In
2033 1902 2257 1965 Maecia„
2293 1905 2344 1966 1,
2377 1904 2429 1954 6.

670 1998 800 2059 post
849 1991 1113 2060 quinque
1147 1991 1405 2045 millium
1437 1992 1697 2045 virorum
1722 1997 1778 2044 et
1807 1992 2299 2057 eonqreqationem
2325 1995 2382 2043 et
2405 1991 2576 2043 satie-

642 2086 809 2133 tatem
840 2081 1176 2151 (postquam
1205 2080 1584 2152 rongregavit
1611 2086 1670 2134 et
1699 2080 2014 2149 satiavit)...
2051 2083 2116 2132 1η
2142 2080 2339 2133 Matth.
2379 2082 2463 2145 14,
2492 2081 2576 2132 19.

673 2176 803 2236 post
855 2172 1229 2236 eoqnitionem
1289 2171 1423 2238 [eois
1481 2175 1537 2224 et
1590 2170 2014 2240 prophetarum
2086 2170 2237 2239 (post
2280 2168 2579 2239 cognitam

638 2257 924 2329 legem)...
954 2262 1027 2314 De
1056 2261 1281 2322 Trinit„
1321 2262 1358 2326 Ι,
1396 2263 1478 2313 10.

505 2405 569 2485 d)
621 2404 826 2465 Unum
871 2414 1119 2466 tantum
1157 2426 1387 2467 nomen
1428 2405 1531 2465 cui
1578 2405 1972 2487 praeponitur
2006 2424 2206 2483 usque
2246 2408 2334 2477 in,
2368 2402 2578 2464 locum

420 2498 602 2564 ‘tenet
626 2505 805 2564 verbi
842 2505 942 2565 cui
973 2505 1317 2586 apponitur
1341 2508 1500 2568 adeo
1530 2515 1619 2564 ut.

676 2634 1012 2705 fragmenta
1041 2635 1280 2704 paniS...
1317 2649 1490 2703 usque
1531 2635 1590 2688 iu
1631 2633 1944 2688 duodecim
1982 2632 2375 2702 cophinorum
2400 2631 2579 2700 pleni.-

564 2739 567 2746 ·
643 2710 891 2777 tudinem
939 2724 1393 2778 abundaverunt
1443 2723 1616 2793 (adeo
1664 2729 1732 2776 ut
1779 2721 2246 2792 impleverint)...
2280 2724 2346 2774 In
2377 2719 2577 2774 Macth.

645 2817 729 2880 14,
761 2817 847 2867 11.

505 2954 587 3009 N.
641 2953 717 3009 Β.
768 2950 979 3011 Unum
1024 2970 1255 3012 nomen
1309 2950 1409 3010 cui
1474 2949 1870 3031 praeponitur
1917 2969 2082 3022 eum,
2135 2967 2251 3030 pro
2300 2946 2578 3007 ablativo

430 3036 723 3108 absoluto
756 3047 1113 3128 subjicitur.

680 3181 803 3217 eum
832 3165 1205 3218 admiratione
1243 3165 1526 3217 hominum
1559 3164 2013 3235 (admirantibus
2040 3162 2400 3231 hominibus)
2431 3179 2582 3233 prm-

645 3254 832 3322 ceptis
859 3253 988 3322 ejus
1019 3261 1259 3307 ventum
1291 3259 1348 3307 et
1376 3269 1536 3307 mare
1565 3254 1924 3308 oboedisse...
1961 3254 2024 3305 In
2051 3252 2275 3318 Matth„
2305 3255 2356 3318 8,
2384 3255 2433 3304 1.

605 3479 783 3556 2⁰7n13
835 3490 952 3535 usu
1002 3489 1298 3533 Nominum
1347 3490 1482 3542 Qui:
1527 3488 1835 3542 TANQUAM
1889 3493 1917 3525 «
1963 3486 2318 3529 ArrnmuTA
2367 3492 2397 3524 »

997 3597 1338 3641 siNGuLAm
1387 3596 1562 3640 mono
1614 3595 2032 3638 usunrAN‘run

508 3743 697 3825 Apud
762 3744 1026 3805 Graecos
1090 3745 1345 3805 nomina
1425 3752 1817 3826 usurpantur
1885 3742 2203 3803 interdum
2273 3727 2577 3823 tanquam

434 3844 739 3902 attributa
770 3863 914 3903 oum
945 3843 1285 3923 participio
1315 3847 1419 3916 ὧυ;
1456 3842 1624 3924 apud
1651 3842 1717 3902 S.
1758 3842 2070 3902 llilarium
2115 3841 2338 3901 codem
2384 3840 2573 3901 modo

432 3949 846 4021 usurpantur,
890 3940 1014 4002 nisi
1060 3941 1228 4022 quod
1276 3941 1457 4002 abest
1506 3941 1937 4022 participium,
1987 3960 2130 4001 oum
2176 3939 2578 4000 desideretur

467 4038 878 4120 participium
907 4038 1083 4099 verbi
1115 4061 1250 4100 sum
1273 4088 1285 4099 .

493 4250 536 4296 1.
573 4247 648 4297 Cf.
683 4248 814 4309 Stix,
847 4264 899 4313 p.
929 4251 987 4298 38
1014 4253 1067 4299 et
1100 4265 1211 4314 seq.
