3371 4999
1691 400 1796 421 ·—
1849 388 1945 437 126
1975 405 2080 422 ·——

830 528 834 543 ⁵
910 542 913 545 ’
1070 532 1163 587 hic
1192 534 1350 603 quod
1384 549 1516 587 suus
1546 539 1654 601 est,
1687 534 1761 588 ad
1793 534 2255 606 primogenitum
2288 541 2447 589 est...
2489 537 2565 590 De
2596 536 2821 600 Triuia,
2848 536 2964 601 xli,

1037 628 1121 677 15.

1068 709 1246 765 Filius
1290 712 1490 781 itaque
1538 729 1672 766 suus
1719 718 1808 767 est
1847 713 1944 783 qui
1990 718 2078 767 est
2125 713 2184 767 in
2229 712 2469 766 homine
2516 718 2574 765 et
2613 728 2684 766 ex
2729 713 2965 767 homine

1033 800 1331 856 factura...
1369 805 1443 855 De
1480 802 1703 867 Trina„
1737 802 1855 869 xli,
1886 806 1974 856 48.

902 920 1174 981 Perraro
1234 929 1454 981 contra
1528 920 1728 981 utitur
1796 921 2173 1002 pronomine
2239 942 2303 980 se
2363 921 2503 982 loco
2568 920 2966 1003 pronominis

820 1040 911 1093 ee,
951 1039 1115 1078 eum.

1066 1142 1169 1196 sed
1214 1139 1361 1194 nihil
1404 1141 1533 1194 sine
1578 1157 1633 1193 se
1684 1139 1881 1208 fiebat,
1926 1157 1999 1194 ex
2043 1140 2111 1195 iis
2156 1157 2286 1210 qua}
2331 1141 2394 1194 in
2441 1157 2511 1194 eo
2559 1141 2845 1194 fiebant...
2893 1144 2966 1194 De

1030 1233 1254 1293 Trinit„
1291 1231 1359 1295 ΙΙ,
1394 1232 1481 1284 20.

1066 1326 1297 1374 tantum
1327 1319 1535 1389 (Filius
1566 1310 1691 1388 Dei)
1727 1319 1783 1371 in
1819 1335 1880 1372 se
1922 1324 1982 1372 et
2020 1319 2280 1373 materian
2322 1325 2380 1373 et
2417 1320 2771 1374 humilitatis
2802 1335 2967 1373 recr-

1032 1411 1130 1480 pit,
1164 1414 1456 1478 quantum
1489 1409 1547 1462 in
1580 1407 1754 1462 nobis
1796 1414 1925 1461 erat
1964 1408 2194 1463 virtutis
2225 1408 2299 1463 ad
2325 1408 2794 1480 intellegendum
2821 1426 2876 1463 se
2910 1413 2967 1462 et

1030 1498 1480 1553 sentiendum...
1518 1499 1590 1550 De
1618 1498 1842 1563 Trinit.‚
1882 1498 1975 1563 ΙΙΙ,
2011 1501 2061 1551 3.

1517 1631 1621 1691 111.
1654 1667 1733 1675 —
1765 1631 1844 1692 De
1873 1630 2246 1709 pronomine

1307 1765 1363 1820 1⁰
1412 1777 1492 1819 DF.
1540 1775 1913 1819 PRONOMlNE
1961 1775 2500 1819 DEMONSTRATIVO

877 1899 1078 1982 Apud
1115 1900 1179 1960 S.
1214 1898 1525 1958 Hilarium
1549 1915 1901 1978 pronomen
1932 1896 1998 1957 id
2026 1897 2236 1975 ipsum
2267 1895 2436 1977 quod
2468 1896 2962 1957 usitatissimum

811 2008 911 2059 est
940 1998 1108 2079 apud
1139 1996 1492 2078 scriptores
1533 1993 2008 2056 ecclesiasticos
2028 1993 2070 2068 ⁴,
2110 1993 2276 2054 idem
2307 1993 2476 2055 valet
2509 2014 2580 2054 ac
2611 2013 2962 2075 pronomen

809 2098 1001 2160 idem.

1059 2211 1218 2281 quod
1260 2210 1503 2281 quidem
1544 2211 1810 2278 idipsum
1841 2215 1898 2263 et
1935 2210 2067 2265 aliis
2105 2209 2392 2281 propheta
2420 2210 2845 2281 pra-monuit...
2877 2212 2952 2263 De

1024 2304 1247 2366 Trinit„
1282 2301 1370 2367 IV,
1405 2304 1491 2353 38.

1058 2408 1179 2446 non
1213 2391 1370 2444 enim
1408 2390 1468 2442 id
1509 2391 1690 2457 ipsum
1729 2394 1816 2443 est
1847 2405 1951 2458 per
1996 2388 2278 2458 Spiritum
2312 2394 2368 2442 et
2397 2389 2458 2442 in
2488 2388 2709 2458 Spiritu
2741 2387 2943 2442 dari...

1022 2485 1097 2536 De
1126 2483 1347 2549 Trint't„
1379 2480 1522 2546 vlll,
1552 2483 1639 2533 31.
2653 2525 2656 2530 .

1058 2587 1176 2626 non
1210 2570 1372 2624 enim
1411 2569 1471 2622 isl
1515 2571 1695 2636 ipsum
1734 2574 1842 2634 est,
1878 2567 2193 2640 glorificari
2227 2566 2441 2621 Filium
2475 2566 2757 2634 hominis,
2793 2567 2949 2637 quod

1016 2666 1076 2714 et
1106 2659 1420 2732 glorificari
1464 2658 1524 2711 in
1563 2656 1711 2718 Filio
1750 2658 2018 2711 Hominis
2055 2659 2309 2712 Deum...
2344 2659 2420 2710 De
2467 2659 2688 2721 Trina„
2729 2658 2819 2725 IX,
2860 2660 2946 2711 41.

1049 2765 1244 2818 neque
1287 2747 1449 2800 enim
1492 2747 1551 2800 id
1590 2749 1771 2815 ipsum
1818 2752 1925 2810 est,
1966 2763 2086 2800 non
2125 2751 2332 2800 natum
2372 2752 2549 2815 atque
2594 2745 2829 2800 nasci...
2868 2749 2950 2799 ·1)0

1018 2840 1241 2904 Trina„
1268 2838 1388 2902 xil,
1418 2840 1503 2890 21.

1051 2927 1194 2981 dum
1231 2927 1353 2996 ipse
1386 2943 1457 2979 ex
1488 2925 1672 2978 unitis
1705 2925 1762 2978 in
1791 2925 1851 2978 id
1891 2927 2070 2993 ipsum
2096 2926 2347 2990 naturi5‚
2381 2930 2606 2978 natura>
2636 2924 2947 2994 utriusque

1015 3033 1110 3070 res
1142 3015 1351 3069 eadem
1383 3019 1541 3069 est...
1578 3016 1653 3067 De
1687 3015 1912 3081 Trinit„
1943 3015 2034 3081 IX,
2069 3018 2119 3067 3.

1048 3106 1316 3173 idipsum
1359 3104 1519 3158 enim
1552 3103 1813 3158 conditio
1849 3102 1933 3157 vel
1969 3105 2189 3157 creatio
2230 3103 2458 3156 videtur
2496 3101 2826 3173 intellegi...
2870 3103 2945 3155 De

1017 3193 1249 3262 Synod„
1285 3197 1370 3247 17.

879 3313 988 3374 Hic
1016 3312 1173 3394 (qui)
1204 3319 1552 3392 usurpatur
1582 3331 1698 3392 pro
1731 3311 1787 3371 is
1815 3310 1972 3391 (qui)
1992 3311 2091 3369 ²...

1051 3435 1153 3489 sed
1200 3436 1258 3487 hi
1300 3437 1399 3504 qui
1440 3434 1658 3488 hebraei
1704 3435 2001 3488 sermonis
2041 3433 2356 3488 scientiam
2402 3434 2708 3488 consecuti
2737 3439 2943 3488 sunt...

1015 3524 1404 3594 prodiderunt
1435 3565 1470 3577 ..
1498 3525 1566 3576 1η
1597 3524 1799 3576 Psalm.
1833 3526 1952 3590 138,
1984 3526 2070 3577 43.

1050 3628 1306 3682 cumque
1341 3613 1421 3664 leis
1451 3612 1619 3665 libris
1648 3628 1785 3681 quos
1815 3612 1935 3682 regi
1963 3611 2121 3665 idem
2154 3610 2536 3666 translatores
2565 3611 2943 3666 ediderant...

1014 3705 1078 3756 ln
1110 3703 1309 3756 Psalm.
1340 3707 1390 3766 2,
1423 3706 1471 3755 3.

1286 3856 1345 3911 2⁰
1388 3868 1466 3911 DE
1518 3868 1888 3913 PRONOMINE
1939 3867 2460 3912 INTERROGATIVO

875 3977 1063 4059 Apud
1099 3977 1165 4038 S.
1200 3977 1516 4038 Hilarium
1538 3976 1647 4057 qui
1680 3976 1849 4036 idem
1867 3978 2036 4037 valet
2052 3997 2125 4037 ac
2145 3981 2285 4054 quis
2303 3976 2738 4058 interrogans

859 4129 905 4176 1.
943 4127 1017 4175 Cf.
1046 4127 1299 4182 Roensch,
1326 4142 1375 4190 p.
1402 4129 1507 4175 424.

857 4200 903 4246 2.
941 4198 1017 4246 Cf.
1046 4198 1328 4258 Riemann,
1355 4199 1452 4260 316
1481 4197 1571 4258 bis,
1605 4201 1731 4247 note
1754 4201 1799 4258 3,
1822 4213 1872 4261 p.
1898 4199 2284 4258 413-Goelzer,
2313 4200 2368 4247 in
2394 4198 2598 4262 Sulpic.
2630 4198 2763 4257 Seu..
2787 4213 2838 4262 p.
2862 4199 2940 4247 82.
