3371 4999
1193 411 1201 428 “
1304 438 1680 490 -121—

665 586 994 641 secundum
1037 589 1474 656 nuncupationis
1515 587 1642 659 (viri
1701 588 2123 659 nuncupantis)
2185 587 2567 662 voluntatem,

630 691 877 747 operum
907 677 1208 732 voluntate
1241 677 1542 747 potiore...
1570 680 1639 732 In
1663 679 1866 732 Psalm.
1900 683 1948 746 1,
1973 681 2060 732 22.

677 767 834 820 inter
859 766 1086 838 vagitus
1111 769 1371 835 infantiae
1403 766 1771 838 (infantium)
1799 766 1955 821 inter
1980 783 2269 822 cunarum
2292 769 2567 825 sordeS...

626 856 694 910 In
723 857 926 910 Psatm.
953 859 1040 923 13,
1071 859 1120 910 5.

663 943 880 999 stultus
925 961 1078 1012 esse,
1125 945 1301 1000 sicuti
1350 951 1457 1014 est,
1510 944 1731 1015 publici
1780 961 2029 999 ossensus
2070 946 2569 1017 (assentientium)

619 1034 848 1105 judicio
879 1039 1294 1106 argueretur...
1324 1038 1390 1089 In
1418 1036 1619 1090 Psalm.
1650 1038 1739 1104 52,
1769 1038 1827 1089 2.

662 1124 763 1194 qui
806 1125 965 1178 enim
1007 1129 1178 1178 erant
1211 1125 1552 1179 daemonum
1581 1126 1820 1178 servitus
1847 1124 2069 1194 (servi),
2116 1123 2256 1178 facti
2294 1127 2562 1181 suntDei

625 1213 948 1284 populus„
978 1216 1044 1267 In
1074 1214 1277 1267 Psalm.
1303 1217 1390 1282 52,
1425 1218 1510 1267 20.

651 1318 905 1374 magnus
951 1307 1039 1357 est
1063 1303 1352 1357 Dominus
1371 1319 1506 1358 cum
1531 1303 1897 1370 dispersiones
1920 1302 2219 1373 (homines
2242 1304 2561 1376 dispersos)

625 1397 1012 1462 congregat...
1041 1392 1110 1445 In
1137 1393 1341 1446 Psalm.
1377 1395 1499 1460 146,
1532 1395 1584 1445 6.
2009 1378 2013 1383 ’

661 1482 805 1549 quia
844 1481 1232 1535 descendenti
1273 1481 1326 1535 ei
1356 1481 1429 1534 ad
1461 1481 1890 1535 assumendum
1916 1480 2225 1536 hominem
2255 1483 2566 1550 famulatus

625 1569 877 1624 caelestis
907 1569 1158 1641 (famuli)
1191 1570 1556 1625 adstiterit...
1587 1572 1655 1624 In
1684 1572 1891 1625 Psalm.
1924 1574 2046 1638 143,
2078 1576 2163 1626 10.

658 1675 945 1713 arcanum
996 1659 1209 1714 futurae
1255 1661 1605 1727 infidelitatis
1645 1660 1983 1715 ostenditur
2033 1661 2315 1732 (virorum
2346 1661 2562 1716 infide-

621 1747 814 1815 lium).
847 1749 915 1802 In
945 1749 1146 1803 Matth.
1177 1751 1264 1816 33,
1294 1752 1346 1802 2.

657 1836 720 1891 in
748 1842 956 1906 pectus
981 1837 1206 1892 duritiae
1231 1837 1468 1908 gentilis
1501 1837 1781 1908 (virorum
1808 1838 2117 1908 durorum)
2141 1839 2400 1909 quodam
2428 1840 2563 1894 doc-

623 1926 794 1979 trinae
827 1942 1004 1996 opere
1032 1927 1298 1981 excisum
1331 1926 1597 1981 Christus
1624 1927 1945 1982 infertur...
1979 1930 2047 1980 In
2069 1929 2294 1997 Matth.,
2319 1932 2405 1996 33,
2435 1931 2487 1983 8.

657 2016 1041 2069 universitatis
1065 2015 1292 2087 (rerum
1325 2016 1766 2086 universarum)
1798 2017 2116 2071 Dominum
2147 2024 2323 2086 atque
2357 2016 2561 2071 infini-

623 2104 759 2158 tatis
794 2110 1107 2174 parentem
1147 2106 1305 2159 intra
1343 2107 1648 2176 angustias
1680 2105 2058 2160 metallorum
2107 2111 2164 2160 et
2193 2106 2474 2178 ‘lapidum
2507 2114 2563 2162 et

621 2193 889 2262 stipitum
922 2194 1333 2248 coartabant...
1368 2197 1444 2248 De
1477 2197 1699 2262 Trinit„
1737 2196 1780 2261 Ι,
1813 2197 1863 2248 4.

654 2288 718 2337 ut
748 2300 853 2353 per
880 2282 940 2336 id
972 2300 1095 2338 non
1126 2284 1573 2354 relinqueretur
1601 2286 1905 2353 impietatis
1931 2284 2299 2355 (impiorum)
2339 2285 2560 2340 calum-

619 2372 787 2426 nia...
831 2376 906 2425 De
940 2375 1169 2442 Trinit„
1205 2375 1247 2439 Ι,
1281 2378 1368 2428 27.
1926 2372 1935 2381 '
2083 2388 2102 2399 ·’
2277 2394 2281 2399 ’

643 2463 922 2517 adversus
978 2467 1272 2518 venenata
1336 2463 1687 2531 infidelitatis
1747 2463 2125 2535 (infidelium)
2186 2463 2422 2520 sibila...
2485 2468 2558 2519 De

619 2553 939 2628 Trinit.‚*V‚
975 2556 1058 2607 19.
1548 2616 1552 2620 ,

653 2640 779 2695 haec
824 2643 1129 2710 impietatis
1177 2642 1546 2713 (impiorum)
1589 2641 1842 2696 stultitia
1884 2641 1997 2696 fuit
2039 2648 2168 2696 ut...
2213 2646 2287 2696 De
2322 2646 2545 2711 Trinit„

619 2729 679 2796 V,
712 2732 806 2783 26.

650 2833 838 2872 unum
871 2820 1056 2874 Deum
1091 2837 1292 2874 verum
1311 2836 1432 2874 non
1456 2820 1847 2890 apprehendit
1875 2821 2084 2892 ignara
2106 2820 2466 2891 euangelicae
2498 2827 2557 2874 et

613 2908 952 2976 apostolicae
977 2909 1414 2978 praedicationis
1436 2911 1689 2977 impietas
1716 2909 1997 2980 (impii)...
2026 2913 2103 2963 De
2133 2912 2353 2978 'Pr-init„
2374 2912 2437 2977 V,
2464 2912 2551 2963 35.

641 3001 700 3049 et
737 2996 1162 3052 demonstratio
1197 3014 1464 3067 operum,
1509 3014 1631 3052 non
1670 3000 2042 3065 ¹iynorationis
2074 2998 2356 3069 (virorum
2394 2999 2555 3069 igna-

613 3086 838 3155 rorum)
870 3086 1187 3141 instructio
1219 3093 1372 3141 est...
1401 3090 1478 3140 De
1507 3089 1729 3153 Trinit„
1762 3088 1872 3151 VII,
1895 3090 1979 3141 19.

649 3172 826 3228 Filius
859 3179 966 3242 est,
996 3192 1118 3229 non
1151 3177 1381 3245 adoptio
1417 3175 1790 3246 (adoptatus),
1819 3181 1877 3229 et
1906 3178 2059 3230 Deus
2093 3181 2322 3231 estnon
2346 3180 2552 3231 creatio

614 3260 961 3332 (creatus)...
997 3268 1072 3318 De
1106 3267 1330 3330 Trina„
1366 3267 1504 3334 VIII,
1537 3269 1625 3319 41.

649 3351 1174 3423 diversitatemque
1225 3370 1463 3408 suam...
1527 3354 1887 3408 desolationis
1932 3354 2213 3425 (virorum
2255 3355 2551 3409 desolato-

613 3441 765 3509 rum)
798 3441 1109 3509 querela...
1146 3447 1462 3495 testetur...
1497 3445 1572 3495 De
1606 3444 1828 3508 Trinit„
1858 3443 1922 3508 X,
1948 3447 1996 3496 9.

644 3532 862 3583 novitas
896 3534 1217 3598 temporalis
1248 3532 1424 3601 (nova
1452 3531 1713 3584 hominis
1741 3531 1998 3602 natura),
2027 3531 2165 3585 licet
2189 3539 2462 3587 maneret
2490 3534 2550 3587 in

612 3618 827 3672 virtute
884 3625 1135 3688 naturae,
1184 3621 1466 3675 amiserat
1513 3624 1715 3674 tamen
1760 3637 1897 3674 cum
1933 3621 2123 3675 forma
2152 3622 2322 3676 Dei...
2349 3622 2551 3676 'unita-

609 3711 797 3761 tem...
831 3711 906 3761 De
940 3711 1164 3776 Trinit„
1202 3710 1291 3771 IX,
1322 3713 1407 3764 38.

646 3795 910 3849 ridiculae
951 3797 1130 3867 hujus
1166 3799 1554 3867 perversitatis
1588 3797 1693 3866 (rei
1722 3799 2032 3868 perverszn)
2066 3816 2233 3853 error
2262 3800 2323 3853 in
2361 3800 2548 3869 majo-

608 3900 735 3938 rem
759 3902 819 3940 se
848 3886 1168 3956 impietatis
1204 3887 1520 3941 audaciam
1546 3903 1607 3940 se
1650 3888 1981 3941 extendit...
2011 3890 2086 3940 De
2121 3891 2341 3957 Trz‘nz't.⁷
2366 3891 2432 3954 X,
2460 3892 2546 3943 50.

641 3973 743 4028 tali
782 3978 1093 4029 severitatis
1131 3975 1260 4046 (viri
1294 3975 1505 4045 severi)
1533 3977 1832 4030 sententia
1861 3976 2246 4031 confirmatus
2275 3979 2347 4032 ad
2372 3978 2548 4032 fidem

606 4068 758 4118 est...
792 4067 870 4117 De
910 4067 1133 4133 Triuia,
1170 4067 1234 4131 X,
1267 4069 1353 4120 27.

644 4168 718 4206 ne
770 4153 820 4206 si
881 4154 1153 4208 contenti
1212 4155 1572 4223 indulssentiae
1622 4154 1727 4224 (rei
1770 4155 2087 4220 concessae)
2138 4156 2544 4212 moderatione

606 4241 950 4297 amittamus
982 4242 1282 4299 indulta...
1317 4246 1391 4297 De
1424 4246 1648 4313 Trinit„
1675 4245 1741 4313 X,
1772 4247 1858 4299 53.
