3371 4999
1660 432 1997 483 —20-

751 581 1019 651 Arquitio
1201 581 1508 636 emendari
1559 597 1619 634 se
1659 579 1837 649 justae
1889 579 2310 634 misericordiae
2362 582 2682 647 arquitione
2734 580 2896 635 fasti-

894 671 1128 726 diunt...
1158 673 1224 725 In
1262 672 1466 725 Psalm.
1507 673 1628 737 140,
1658 672 1710 725 8.
1744 670 1900 724 Iren.
1937 669 2042 739 (Cf.
2076 671 2321 735 mensch,
2346 686 2401 740 p.
2435 674 2537 736 703
2569 702 2638 709 -
2668 670 2895 739 Goelzer,

786 769 790 773 “
892 778 945 830 p.
981 761 1091 826 64).

748 849 1090 905 Benedictio
1272 848 1331 901 in
1383 846 1546 901 nullo
1591 847 1891 917 prophetie
1946 847 2209 902 officium
2263 847 2569 902 infirmum
2621 853 2728 915 est,
2785 864 2896 902 nec

888 938 1287 1003 benedictione,
1316 953 1426 990 nec
1458 935 1701 990 laude...
1740 938 1808 989 In
1853 937 2054 991 Psalm.
2090 940 2211 1002 144,
2242 941 2291 990 5.
2326 936 2495 1007 Apul.
2532 935 2635 1007 (Cf.
2667 936 2893 1001 Goelzer‚

887 1044 942 1096 p.
979 1028 1090 1097 64).
1781 1084 1784 1089 ⁴

746 1116 1108 1172 clarificatio
1292 1131 1404 1169 nec
1435 1115 1729 1169 infirmari
1772 1116 1993 1185 patitur
2031 1112 2154 1169 hmo*
2186 1116 2314 1185 ipsa
2342 1117 2671 1183 clarificatio
2701 1121 2895 1186 postu-

884 1205 1067 1259 lata...
1104 1208 1178 1258 De
1212 1206 1432 1269 Trinit.,
1469 1206 1565 1272 ΙΙΙ,
1597 1209 1679 1259 12.
1719 1206 1874 1258 Iren.
1911 1205 2083 1274 Cypr.
2119 1204 2224 1275 (Cf.
2263 1206 2506 1271 Roensch‚
2542 1221 2595 1274 p.
2631 1205 2737 1272 80).

743 1294 1110 1350 cohabitatio
1292 1295 1341 1347 si
1385 1309 1503 1347 non
1538 1310 1749 1348 omnes
1790 1293 1863 1347 ad
1904 1293 2366 1347 cohabitationem
2395 1293 2497 1347 Dei
2529 1292 2887 1365 eligentur...

883 1386 951 1437 In
980 1384 1180 1437 Psalm.
1216 1386 1302 1450 64,
1335 1386 1386 1437 5.

739 1472 1104 1528 combinatio
1307 1477 1366 1526 at
1418 1488 1553 1526 vero
1602 1472 1937 1525 combinatio
1994 1472 2362 1525 consortium
2432 1470 2769 1526 factioniS...
2825 1474 2890 1525 In

882 1562 1084 1614 Psalm.
1125 1564 1243 1626 140,
1269 1564 1320 1614 7.
1354 1560 1544 1615 Diom.

739 1650 1205 1719 concorporatio
1389 1665 1526 1720 ergo
1560 1654 1618 1703 et
1647 1651 2200 1719 concorporationem
2236 1648 2405 1703 Verbi
2432 1648 2533 1702 Dei
2571 1655 2629 1703 et
2667 1650 2889 1718 passio-

880 1738 972 1792 nis
1006 1739 1426 1807 mysterium...
1460 1753 1582 1793 non
1628 1738 1966 1807 promiscue
2007 1743 2260 1792 tractare
2296 1754 2407 1792 nos
2446 1738 2790 1792 convenit...
2823 1741 2890 1792 In

877 1828 1099 1895 Mami„
1136 1828 1222 1891 vl,
1255 1830 1302 1881 1.
1329 1828 1488 1880 Tert.

736 1915 1142 1971 concrematio
1340 1914 1850 1968 infructuosarum
1898 1914 2180 1968 arborum
2250 1916 2408 1969 caede
2468 1921 2526 1969 et
2577 1931 2889 1969 concrema·

878 2007 1094 2058 tione...
1129 2006 1195 2069 In
1225 2004 1449 2071 Manli„
1482 2007 1533 2068 2,
1567 2006 1619 2057 4.
2755 2065 2760 2070 .

735 2094 1032 2150 contuitio
1240 2108 1439 2147 nonne
1508 2092 1758 2146 intentio
1817 2107 1885 2147 ac
1943 2093 2099 2146 visus
2153 2092 2462 2147 oculorum
2524 2095 2886 2147 contuitionis

875 2183 1061 2253 ipsius
1089 2182 1531 2252 exspectatione
1563 2180 1903 2235 deficiet‘h..
1938 2183 2002 2234 In
2033 2182 2236 2235 Psalm.
2273 2184 2395 2248 118,
2427 2185 2512 2248 11,
2539 2186 2591 2235 2.

736 2272 1078 2340 cooperatio
1272 2270 1565 2340 sapientia
1612 2286 1786 2324 sua...
1850 2276 2263 2326 consummata
2304 2274 2695 2340 cooperatione
2743 2287 2888 2343 gau-

876 2361 1121 2414 dente...
1158 2362 1232 2413 Dc
1263 2362 1489 2427 Trinit.,
1522 2360 1610 2426 IV,
1641 2363 1731 2413 21.

732 2447 1038 2520 coopertio
1235 2452 1513 2519 coopertio
1568 2454 1767 2504 autern
1825 2448 2231 2505 velamentum
2290 2456 2382 2504 est
2434 2451 2764 2522 corporis...
2819 2453 2885 2507 In

874 2541 1094 2604 Manli„
1125 2544 1175 2606 5,
1208 2544 1292 2593 11.
1328 2541 1483 2593 Iren.
1518 2539 1623 2610 (Cf.
1652 2540 1902 2606 Roensch,
1935 2556 1989 2609 p.
2026 2539 2133 2606 80).
2170 2590 2176 2596 .

731 2630 1076 2698 corporatio
1261 2629 1335 2682 ad
1384 2628 1786 2699 cognitionem
1846 2630 2135 2683 adventus
2194 2629 2426 2683 Domini
2491 2631 2679 2684 nostri
2746 2632 2887 2685 Jesu

875 2718 1086 2772 Christi
1118 2725 1175 2772 et
1204 2721 1675 2787 corporationis..
1711 2719 1779 2771 In
1811 2719 2036 2784 Psalm.,
2069 2719 2240 2773 Instr.
2276 2723 2326 2773 5.
2362 2720 2515 2773 Tert.

731 2808 1071 2886 coruscatio
1257 2807 1704 2876 dissipabuntur
1744 2807 1923 2861 etiarn
1971 2811 2280 2861 coruscata
2330 2811 2776 2863 coruscatione...
2817 2812 2885 2863 In

871 2898 1073 2950 Psalm.
1133 2899 1245 2962 143,
1294 2900 1379 2950 12.
1425 2898 1580 2949 Tert.
1621 2897 1775 2949 Iren.
1812 2894 1995 2949 Solin.
2036 2896 2265 2965 Vospie.
2307 2901 2449 2950 Arn.
2497 2896 2601 2966 (Cf.
2635 2900 2880 2966 Roensch,

870 3004 924 3056 p.
959 2990 1017 3039 71
1052 2990 1110 3039 et
1136 2989 1231 3040 311
1258 3002 1271 3047 ;
1301 3017 1368 3024 -
1408 2985 1632 3051 Goelzer,
1666 3002 1725 3054 p.
1760 2985 1873 3055 66).

728 3074 1006 3143 Deceptio
1192 3073 1345 3137 Quid
1377 3073 1647 3127 inanium
1678 3074 2072 3141 deceptionum
2100 3072 2390 3127 doctrinis
2419 3075 2674 3130 inhaeres
2691 3076 2785 3130 ἱ)...
2809 3080 2884 3130 De

870 3165 1092 3228 Trina„
1128 3164 1273 3229 VIII,
1308 3165 1374 3215 54
1405 3163 1512 3231 (Cf.
1552 3162 1795 3228 mensch,
1831 3179 1882 3232 p.
1919 3165 2020 3226 713
2056 3193 2123 3200 —-
2155 3162 2379 3230 Goelzer,
2409 3164 2594 3234 p.66).

727 3252 1050 3308 Deoimatio
1227 3252 1365 3321 quia
1404 3251 1701 3305 decimatio
1746 3250 1849 3304 illa
1880 3250 2124 3304 oleriS...
2162 3252 2579 3307 non'debebat
2620 3254 2878 3310 omitti...

867 3343 933 3395 In
963 3343 1186 3408 Match„
1216 3344 1305 3410 24,
1329 3345 1378 3394 7.
1401 3340 1658 3410 Capitol.
1696 3339 1802 3410 (Cf.
1830 3341 2075 3406 mensch,
2105 3356 2160 3409 p.
2198 3341 2306 3411 72).

728 3431 1153 3487 Dehonestatio
1319 3430 1364 3482 si
1394 3446 1555 3483 mors
1588 3430 1714 3499 ipsa
1743 3428 1902 3483 aliud
1938 3435 2025 3483 est
2067 3446 2246 3499 quam
2278 3437 2588 3500 potentum
2615 3434 2881 3488 dehones-

859 3522 1075 3573 tatio...
1100 3521 1173 3572 De
1202 3521 1429 3584 Trinit.,
1460 3520 1524 3585 X,
1558 3521 1645 3572 48.
1677 3519 1828 3571 Tert.
1867 3518 1975 3587 (Cf.
2017 3520 2259 3584 Ram-sch,
2293 3538 2346 3590 p.
2377 3521 2489 3591 72).

722 3610 1021 3664 Desolatio
1197 3610 1306 3663 hos
1345 3608 1633 3662 carbones
1675 3608 2043 3660 desolationis
2077 3609 2202 3661 dari
2243 3609 2352 3663 sibi
2401 3610 2592 3664 fidelis
2630 3613 2879 3683 quisque

864 3703 1059 3753 orat...
1096 3700 1161 3751 In
1192 3699 1395 3752 Psalm.
1433 3701 1636 3766 119,12
1673 3696 1782 3766 (Cf.
1817 3698 2067 3763 [taen-sch,
2099 3714 2154 3766 p.
2190 3703 2286 3763 72;
2326 3731 2390 3737 -
2420 3701 2646 3767 Gaelzer,
2676 3720 2732 3772 p.
2768 3703 2876 3773 67).

717 3788 982 3842 Deviotio
1169 3788 1404 3840 devictio
1449 3790 1651 3840 autem
1698 3786 1908 3839 mortis
1953 3785 2106 3839 nihil
2161 3786 2321 3842 aliud
2362 3806 2542 3857 quam
2581 3806 2880 3845 resurree-

858 3876 1007 3930 tio...
1046 3879 1119 3929 De
1150 3878 1375 3940 Trinit„
1411 3877 1503 3942 XI,
1536 3878 1621 3929 35.
1658 3875 1751 3927 Ps.
1787 3876 1943 3928 Tert.

720 3965 967 4020 Dilectio
1152 3965 1363 4018 iterata
1399 3981 1432 4018 a
1479 3980 1540 4017 se
1585 3964 1898 4016 dilectionis
1947 3964 2006 4016 in
2063 3966 2253 4018 Deum
2300 3968 2607 4036 postulata·
2651 3969 2880 4039 profes-

858 4054 1094 4107 sione...
1128 4056 1201 4106 De
1236 4056 1459 4120 Trinit„
1492 4054 1580 4119 vl,
1616 4056 1702 4105 37.
1740 4053 1890 4105 Tert.
1929 4053 2035 4123 (Cf.
2069 4054 2297 4120 δαείην,
2326 4073 2379 4126 p.
2414 4059 2523 4127 67).

713 4143 1005 4198 Discretio
1185 4142 1308 4210 jam
1365 4158 1758 4212 personarum
1810 4141 2146 4197 discretione
2195 4145 2567 4214 praemissa...
2621 4150 2696 4202 De
2756 4150 2878 4202 Tri-

856 4234 982 4297 nit.‚
1017 4233 1108 4296 IV,
1142 4235 1229 4285 24.
1266 4233 1416 4284 Lact.
