3371 4999
1355 434 1780 512 -115-ἱ

944 633 1003 686 6⁰
1043 633 1121 688 De
1161 632 1676 689 enuntiationibus
1716 633 2143 701 comparativis

552 783 620 844 ln
675 784 1222 846 enuntiationibus
1275 784 1727 865 comparativis
1780 783 2097 866 reperitur
2147 784 2383 846 locutio
2431 786 2619 849 aliter
2709 798 2710 801 ’

466 903 659 965 quam
690 891 764 947 ut
798 905 941 945 curn
976 884 1342 945 indicative.

715 1014 1083 1085 loquendum
1112 1030 1248 1085 ergo
1280 1030 1399 1068 non
1426 1015 1593 1068 aliter
1617 1013 1687 1067 de
1714 1015 1833 1068 Deo
1868 1018 1956 1067 est
1976 1030 2145 1082 quam
2174 1022 2235 1068 ut
2259 1015 2380 1085 ipse
2415 1017 2490 1070 ad
2522 1017 2616 1071 in-

654 1104 1086 1176 -tellegentiam
1122 1108 1387 1159 nostram
1423 1104 1492 1158 de
1524 1119 1585 1157 se
1618 1105 1835 1156 locutus
1874 1109 2018 1159 est...
2055 1106 2132 1175 De
2161 1102 2389 1174 Triuia,
2425 1106 2489 1172 V,
2522 1108 2613 1159 21.

929 1285 987 1338 70
1028 1285 1105 1338 De
1124 1298 1127 1301 ·
1146 1285 1414 1340 oratione
1454 1297 1582 1352 quae
1618 1289 1878 1339 vocatur·
1911 1283 2150 1361 obliqua

550 1434 740 1495 Modo
808 1433 1152 1493 indicativo
1208 1433 1410 1493 utitur
1474 1431 1539 1492 S.
1606 1431 1889 1492 Hilarius
1947 1431 2011 1491 in
2078 1432 2299 1492 incisis
2358 1453 2498 1514 quae
2555 1433 2619 1493 in

469 1533 755 1593 oratione
798 1531 1057 1613 obliqua
1106 1530 1539 1603 includuntur,
1595 1529 1709 1590 sed
1763 1550 1881 1607 pro
1937 1534 2268 1606 seraptorz‘s
2311 1536 2618 1591 sententia

469 1630 691 1691 haberi
722 1650 847 1691 non
879 1637 1153 1710 possunt
1176 1616 1221 1687 ⁴.

716 1753 900 1808 dicens
941 1752 1295 1821 magistrum
1351 1736 1414 1804 se
1466 1765 1846 1819 quocumque
1893 1753 2041 1818 ierit,
2091 1756 2507 1805 secuturum...
2553 1753 2614 1805 1η

682 1843 974 1910 Matth.‚7‚
997 1846 1048 1897 8.

718 1948 854 1986 cum
905 1931 1063 1985 enim
1099 1931 1181 1983 ait
1223 1929 1424 1984 omnia
1449 1944 1845 1999 quincumque
1875 1929 2036 1983 habet
2063 1930 2255 1997 Pater,
2282 1946 2388 1984 sua
2419 1946 2615 1985 esse...

682 2024 757 2073 De
781 2023 1007 2086 Trina„
1040 2019 1184 2086 VIII,
1218 2022 1306 2071 20.
1985 2038 1988 2041 ·
2111 2034 2114 2037 ·
2523 2024 2526 2029 “

716 2111 832 2164 si...
882 2111 941 2161 in
986 2124 1204 2161 sensum
1264 2123 1381 2160 non
1430 2107 1581 2161 cadit
1633 2123 1758 2161 non
1815 2107 1996 2161 fuisse
2061 2112 2384 2178 antequam
2446 2111 2618 2162 nasci-

685 2207 856 2255 tur...
884 2201 960 2251 De
986 2199 1211 2264 Trinit„
1234 2197 1355 2263 XII,
1378 2201 1466 2251 29.

472 2332 477 2339 ⁸
503 2375 576 2420 .1.
614 2371 690 2420 cr.
720 2371 1004 2430 Riemann,
1029 2372 1051 2432 ἓ
1077 2342 1185 2428 233,
1213 2366 1406 2431 μω.
