3371 4999
24 4045 51 4106 “²ss-
28 4029 33 4034 ‹
30 3993 47 4018 Αἱ.
30 3977 39 3982 .
30 3845 45 3966 *μήκη-,Ἦ
24 3761 43 3832 ..μὲν
28 3531 51 3726 ⁷*t¹'-·*ae1⁴ss,rl†
28 3471 51 3512 ,f

1713 411 2085 464 -112—

1034 565 1366 621 delectatur
1395 564 1634 630 affectu,
1680 571 1744 618 ut
1789 560 2266 618 misericordiam
2308 579 2477 618 suam
2519 566 2594 619 sit
2623 565 2763 621 solis
2790 564 2969 622 mise-

1035 654 1840 725 ricordihus,praestiturus...
1870 654 1936 705 In
1965 651 2188 719 Mami„
2222 654 2275 718 4,
2311 655 2363 707 6.

895 781 980 845 Ne
1010 799 1157 841 cum
1188 779 1593 861 subjunctivo
1634 778 1955 859 reperitur
1986 776 2049 836 in
2079 776 2627 840 enuntiationibus
2656 798 2799 861 quae
2833 779 2969 840 nul-

814 880 947 940 lum
973 878 1336 960 exprimunt
1365 875 1725 949 consilium,
1760 873 1873 936 sed
1904 873 1968 935 id
1999 893 2198 935 unum
2224 873 2395 955 quod
2422 877 2859 959 consequitur.

1057 1026 1214 1097 quod
1248 1026 1296 1080 si
1328 1027 1548 1079 Deus...
1597 1023 1933 1095 profectum
1974 1021 2189 1076 habeat
2213 1027 2279 1076 ut
2325 1023 2457 1094 plus
2504 1025 2578 1079 sit
2613 1016 2958 1095 aliquandO,

1030 1132 1152 1171 non
1186 1121 1379 1186 potest
1408 1120 1605 1168 tamen
1643 1114 1718 1168 ad
1763 1114 1820 1167 id
1859 1113 2170 1182 pervenire
2214 1130 2278 1167 ne
2315 1114 2426 1167 sibi
2462 1113 2614 1168 nihil
2650 1114 2857 1169 (lesit...
2889 1118 2966 1169 De

1032 1208 1258 1270 Trinit„
1278 1205 1369 1273 xl,
1394 1206 1461 1257 44
1489 1204 1588 1274 (ne
1617 1224 1688 1252 z
1713 1207 1780 1257 ut
1807 1201 1974 1271 non).
1999 1202 2081 1256 Cf.
2112 1204 2257 1270 Stice,
2289 1220 2346 1273 p.
2380 1206 2466 1257 28.

1059 1311 1179 1348 non
1226 1299 1315 1347 est
1359 1294 1537 1365 igitur
1580 1293 1751 1347 Jesus
1788 1292 2117 1346 Christus..
2152 1292 2211 1346 in
2249 1308 2318 1346 ea
2361 1296 2587 1346 naturae
2620 1292 2965 1348 infirmitate

1035 1401 1101 1437 ne
1137 1383 1428 1437 nesciat...
1475 1384 1575 1449 (ne
1617 1403 1690 1431 z
1746 1382 2007 1451 utnon).
2055 1384 2130 1435 De
2167 1383 2391 1450 Trinit„
2440 1383 2531 1450 lx,
2566 1386 2652 1436 66.
2687 1382 2771 1436 Cf.
2817 1384 2965 1451 Stiae,

1039 1490 1093 1543 p.
1120 1478 1207 1527 27.

1056 1578 1347 1616 evacuare
1383 1561 1799 1615 adversantem
1843 1564 2214 1629 potestatem,
2257 1561 2370 1614 hoc
2408 1560 2614 1629 estjus
2651 1560 2958 1630 potestatis

1029 1651 1263 1707 auferre
1291 1667 1358 1704 ne
1388 1655 1694 1703 maneat...
1730 1650 1827 1718 (ne
1867 1671 1938 1699 z
1967 1650 2221 1717 utnon).
2255 1652 2331 1703 De
2381 1652 2598 1716 Trinit„
2634 1651 2727 1715 XI,
2770 1654 2857 1706 32.
2898 1682 2967 1690 -

1032 1741 1116 1795 Cf.
1148 1742 1293 1809 Stia,
1329 1757 1383 1809 p.
1428 1744 1574 1794 9-10.

1175 1908 1233 1963 3⁰
1274 1908 1351 1962 De
1391 1906 1907 1963 enuntiationibus
1947 1907 2159 1975 quibus
2197 1912 2623 1976 praeponuntur

1243 2062 1635 2118 quanquam,
1682 2048 1965 2110 tametsi,
2011 2047 2333 2117 quamvis,
2376 2045 2529 2101 Iicet

901 2186 965 2265 a)
1013 2182 1273 2245 Modum
1322 2184 1793 2264 subjunctivum
1841 2183 2143 2265 supponit
2197 2182 2263 2243 S.
2312 2182 2591 2244 Hilarius
2643 2184 2705 2243 in
2753 2183 2962 2244 locum

816 2282 1168 2356 indicativi,
1228 2282 1289 2341 in
1338 2280 1885 2342 enuntiationibus
1942 2281 2172 2362 quibus
2223 2300 2613 2361 quanquam,
2658 2281 2954 2345 tametsi⁴

812 2389 1295 2463 praeponuntur.

1054 2527 1380 2581 quanquam
1395 2511 1555 2565 enim
1583 2509 1851 2579 idipsum
1875 2510 2174 2564 interdum
2202 2511 2653 2580 imperitefiat...
2685 2515 2952 2566 tamen...

1026 2603 1092 2653 In
1124 2600 1324 2653 l’salm.
1350 2603 1435 2665 63,
1467 2603 1525 2654 2.,
2591 2605 2598 2611 “

1048 2705 1373 2758 quanquam
1406 2689 1501 2742 hic
1529 2686 1680 2741 liber
1715 2687 1864 2759 legis
1889 2691 1980 2754 sit,
2013 2688 2326 2758 prophetia
2356 2694 2623 2744 tamen...
2657 2693 2725 2743 In
2749 2691 2946 2744 Psalm.

1029 2781 1117 2843 64,
1151 2783 1202 2831 7.

1054 2871 1112 2920 et
1138 2868 1247 2920 hoc
1276 2868 1898 2936 prophetaquanquam
1916 2867 1976 2920 in
2000 2865 2298 2920 voluntate
2323 2883 2430 2921 sua
2446 2867 2666 2933 habeat,
2683 2873 2953 2922 tamen...

1026 2959 1091 3008 In
1122 2957 1324 3010 Psalm.
1361 2960 1484 3022 118,
1522 2961 1605 3023 15,
1639 2961 1725 3011 13.

1049 3062 1372 3113 quanquam
1416 3046 1593 3115 igitur
1645 3045 2058 3116 superioribus
2112 3044 2349 3111 libellis,
2391 3046 2463 3100 de
2501 3047 2621 3099 Deo
2664 3050 2722 3099 et
2760 3049 2948 3100 Dec...

1025 3133 1393 3197 docuerimm,
1429 3140 1699 3189 tamen...
1729 3137 1803 3188 De
1830 3137 2058 3202 Trinit.,
2093 3137 2185 3201 Vl,
2218 3139 2270 3190 8.

1059 3239 1380 3291 quanquam
1426 3224 1605 3293 igitur
1651 3224 1778 3278 sola
1820 3224 2068 3294 simplex
2109 3225 2402 3278 confessio
2447 3230 2675 3279 natura}
2710 3223 2956 3277 nomina

1023 3312 1347 3365 ostendat...
1386 3316 1655 3367 tamen...
1692 3315 1767 3366 De
1798 3316 2023 3380 Trinit„
2052 3315 2142 3381 Vl,
2177 3317 2263 3368 26.

1047 3417 1371 3469 quanquam
1392 3403 1466 3455 ad
1492 3402 1551 3455 id
1583 3419 1694 3457 nos
1716 3404 2054 3457 communis
2082 3402 2502 3479 intellegentiae
2529 3418 2738 3457 sensus
2761 3403 2960 3472 impel-

1022 3490 1226 3544 leret...
1264 3495 1533 3545 tamen...
1567 3495 1642 3544 De
1678 3494 1907 3558 Trinit.,
1949 3493 2170 3561 v111,4.

1047 3595 1185 3632 narn
1211 3582 1427 3633 tametsi
1455 3580 1738 3650 pleraque
1769 3581 1828 3633 in
1856 3582 1947 3636 his
1979 3581 2115 3635 talia
2139 3584 2319 3636 sint...
2352 3584 2418 3634 In
2450 3583 2652 3635 Psalm.
2680 3583 2801 3647 138,
2835 3584 2886 3633 1.

890 3714 947 3792 b)
993 3713 1225 3773 Modus
1258 3714 1641 3775 indicativus
1684 3717 2000 3797 reperitur
2038 3717 2101 3776 in
2137 3716 2682 3777 enuntiationibus
2718 3715 2954 3797 quibus

807 3812 1206 3893 praeponitur
1239 3814 1533 3892 quamvis
1556 3814 1604 3874 ².

1051 3910 1221 3981 cujus
1274 3914 1524 3980 quamvis
1587 3912 2053 3983 intellegentiam
2096 3930 2281 3984 usquc
2322 3913 2395 3967 ad
2453 3910 2953 3966 absolutissimam

864 4108 909 4154 1.
952 4107 1025 4157 Cf.
1056 4109 1337 4168 Riemann,
1369 4111 1390 4170 ἓ
1420 4112 1537 4171 200,
1562 4126 1612 4173 p.
1643 4113 1761 4170 3383
1791 4139 1849 4147 —
1876 4112 2093 4171 Goelzer,
2123 4112 2277 4160 Saint
2306 4112 2529 4170 Je'rome,
2558 4124 2608 4173 p.
2639 4111 2744 4158 357.

861 4180 905 4225 2.
945 4179 1019 4226 Cf.
1048 4180 1324 4238 Riemann,
1356 4183 1376 4242 ἓ
1404 4184 1509 4241 201,
1538 4197 1588 4244 p.
1620 4184 1726 4230 339.

3347 3823 3365 3902 -ιτ-
3347 3781 3365 3806 n
3345 3665 3365 3748 -Y‘-
3345 3573 3365 3648 .-²2-
