3371 4999
1352 446 1691 497 -11-

530 560 782 678 Utpote
847 590 1102 657 litteris
1134 591 1380 679 graecis
1430 589 1750 659 excultus
1793 597 1862 658 et
1901 598 2235 679 praeterea
2277 591 2589 659 doctrina

437 691 817 758 christiana
878 690 1422 772 eruditissimuS,
1482 692 1541 757 is
1615 692 1826 757 etiam
1869 692 2024 773 suit,
2089 699 2462 781 postquam
2520 693 2593 758 in

437 805 734 890 Galliam
776 805 1007 889 rediit,
1053 812 1132 872 ut
1164 806 1504 873 eximium
1543 804 2005 894 perscriberet
2047 810 2445 874 Tractatum
2484 831 2594 871 su-

423 941 555 1008 per
615 919 948 1002 psalmos,
1009 918 1208 1007 cujus
1248 927 1391 986 tam
1445 919 1672 986 multa
1731 919 2069 987 excidisse
2122 943 2369 987 omnes
2424 943 2589 987 sane

437 1032 731 1099 moleste
768 1033 1026 1100 ferunt.

531 1147 615 1213 Ut
671 1168 914 1213 verum
971 1154 1208 1213 tamen
1260 1146 1532 1235 loquar,
1597 1138 1669 1212 in
1723 1145 1854 1213 hoc
1915 1127 2093 1212 libro
2154 1146 2222 1214 S.
2281 1147 2592 1214 Hilarius

435 1268 816 1325 non'nova
882 1258 1390 1348 interpretandi
1453 1259 2031 1354 ratione-utitur,
2101 1259 2358 1348 quippe
2431 1281 2591 1326 cum

436 1396 577 1439 non
623 1395 823 1439 secus
860 1379 1071 1461 atque
1113 1373 1184 1438 in
1230 1371 1732 1439 Commentario
1772 1371 1845 1437 in
1872 1371 2274 1437 Manlia-um
2315 1371 2401 1438 ab
2428 1370 2592 1437 alle-

433 1485 696 1575 qorz'ca,
736 1491 816 1551 ut
849 1486 1069 1567 aiunt,
1108 1484 1680 1573 interpretatione
1736 1506 1877 1551 non
1917 1484 2249 1551 discedat.
2286 1483 2417 1551 Sed
2463 1485 2592 1551 hoc

438 1599 621 1665 inter
678 1601 1071 1665 Tractatum
1130 1598 1705 1687 super-Psalmos
1759 1603 1827 1664 et
1882 1599 2468 1664 Commentarium
2519 1597 2587 1663 in

437 1704 837 1777 Matthoewn
877 1712 1169 1785 interest
1208 1711 1393 1800 quod
1437 1711 1549 1778 hic
1590 1711 1892 1800 simplex
1924 1717 2028 1777 est
2064 1711 2481 1800 plerumque
2512 1734 2590 1777 ac

434 1825 693 1906 nudus,
749 1825 867 1892 ille
921 1847 1083 1892 vero
1139 1824 1471 1891 omnibus
1532 1825 1875 1891 orationis
1931 1825 2365 1891 ornamentis
2408 1848 2589 1912 saepe

439 1938 870 2018 illustratum
939 1939 1233 2004 oratoris
1293 1939 1482 2004 enim
1545 1939 1715 2003 vimx
1768 1944 1834 2004 et
1902 1936 2308 2004 facultatem
2379 1939 2452 2003 in
2510 1960 2591 2004 eo

444 2055 495 2118 T
493 2063 763 2119 metatu
797 2051 1128 2127 ostendit,
1161 2057 1228 2117 et
1256 2052 1708 2139 perspicuum
1741 2055 1844 2117 est
1879 2072 2032 2117 eam
2061 2050 2337 2117 dicendi
2369 2056 2591 2117 artem

436 2165 508 2230 in
572 2188 705 2254 qua
766 2164 1087 2235 Ecclesia*
1151 2186 1389 2252 graecae
1460 2164 1698 2230 Patres
1758 2165 2322 2241 exercitatissimi
2369 2170 2588 2237 erant,

439 2276 589 2366 ejus
645 2279 1009 2366 ingenium
1083 2277 1342 2345 aluisse
1402 2283 1470 2343 et
1546 2277 2024 2365 eloquentiam
2081 2276 2586 2365 locupletasse.

526 2389 813 2458 Accedit
863 2413 942 2458 eo
1007 2389 1186 2478 quod
1233 2390 1417 2456 idem
1475 2391 1622 2478 ipse
1671 2394 1721 2455 T
1721 2376 2025 2456 iactatus
2067 2412 2471 2478 quanquam
2513 2413 2590 2457 ea

328 2561 337 2572 .
437 2512 710 2572 tantum
768 2503 1004 2572 mente
1056 2506 1394 2593 scriptum
1450 2509 1554 2570 est
1626 2513 1707 2569 ut·
1772 2504 2099 2593 religioni
2161 2505 2389 2571 faveat
2448 2527 2592 2571 mo-

438 2642 688 2708 resque
749 2620 1107 2699 informet,
1151 2617 1495 2685 nonnulla
1553 2618 1864 2685 continet
1934 2641 2085 2708 quae
2145 2624 2589 2702 tumsrerum

436 2740 794 2822 gestarum
829 2733 1259 2821 scriptores1,
1290 2737 1438 2797 tum
1476 2730 1871 2819 philologos
1913 2731 2589 2819 grammaticosque?

439 2852 738 2914 attentos
777 2869 921 2912 non
963 2853 1198 2912 tenere
1231 2866 1373 2910 non
1415 2845 1706 2933 possint.
2569 2863 2572 2866 ·

527 2959 846 3025 Alterum
886 2958 1014 3024 hoc
1056 2957 1377 3045 sequitur
1407 2980 1488 3023 ex
1523 2979 1603 3022 eo
1644 2955 1829 3045 quod
1874 2957 1944 3023 S.
1991 2955 2303 3024 Hilarius
2341 2979 2591 3044 qraere-

437 3072 827 3138 christianis
869 3070 1430 3137 institutionibus
1468 3069 1787 3136 excultus
1837 3076 1965 3150 est,
2010 3085 2261 3158 nempe
2305 3067 2590 3134 inchoa-

439 3192 578 3253 tam
623 3209 772 3253 esse
812 3184 897 3252 ab
938 3208 1017 3252 eo
1058 3185 1349 3251 alteram
1407 3184 1822 3271 scriptorum
1882 3182 2263 3252 latinorum
2306 3182 2582 3248 seriem.

527 3299 746 3379 Quem
810 3298 931 3387 qui
974 3302 1175 3364 aptate
1233 3303 1762 3363 antecesserunt
1820 3295 2189 3362 christiani
2232 3293 2587 3382 iidemque

501 3512 543 3558 1.
580 3510 645 3559 Et
675 3509 719 3557 si
750 3509 882 3571 quid
909 3509 1071 3564 aliud,
1101 3507 1217 3571 lege
1253 3522 1371 3570 quae
1399 3506 1580 3566 tradit,
1618 3534 1677 3541 —
1707 3507 1772 3554 dc
1796 3505 2137 3569 sepluayinta
2170 3502 2469 3551 senioribus
2499 3505 2589 3566 qui

434 3581 604 3630 libros
630 3580 830 3629 veteris
875 3580 1203 3628 Testamenti
1244 3593 1310 3627 ex
1335 3578 1570 3626 hebraeis
1595 3577 1789 3627 litteris
1838 3577 1893 3624 iu
1927 3590 2126 3636 gra-cas
2175 3575 2587 3625 transtulerunt.

437 3654 497 3701 Ιη
523 3653 722 3700 Psalm.
752 3655 797 3708 2,
826 3654 943 3711 2-33
982 3678 1043 3686 --
1068 3652 1132 3700 de
1165 3649 1326 3700 Sobal
1360 3667 1392 3700 a
1429 3664 1536 3712 quo
1569 3650 1729 3713 Syria
1761 3646 1826 3697 ad
1862 3648 2059 3696 bellurn
2090 3650 2365 3697 commota
2401 3650 2500 3696 est.
2529 3647 2588 3694 In

437 3723 919 3782 Psalm.59,1;—
964 3722 1028 3772 de
1054 3722 1492 3786 pet-eminatione
1538 3721 1714 3769 David
1754 3735 1785 3769 a
1827 3719 2025 3768 Judaeis
2075 3720 2211 3767 salso
2259 3718 2480 3769 credita.
2527 3718 2586 3765 Ιη

436 3795 633 3844 Psalm.
669 3798 775 3852 131,
806 3798 856 3843 11
889 3810 900 3854 ;
929 3822 987 3829 —
1014 3796 1081 3843 (le
1117 3795 1367 3842 restituta
1395 3792 1524 3840 urbe
1549 3792 1869 3841 Jerusalem.
1903 3792 1962 3838 In
1989 3790 2184 3839 Psalm.
2217 3793 2321 3846 146,
2358 3793 2399 3838 1.

499 3869 545 3914 2.
585 3867 808 3925 Quando
839 3866 1061 3915 Sacram
1089 3866 1422 3928 Scripturam
1454 3865 1645 3927 graecis
1673 3863 1870 3912 litteris
1896 3866 2188 3920 exaratam,
2223 3860 2398 3910 eidem
2420 3861 2589 3912 latine

437 3938 656 3987 redditae
688 3936 910 3996 confert,
955 3950 1253 3999 graecorum
1289 3935 1679 3985 vocabulorum
1711 3934 1952 3998 pondera
1994 3932 2280 3997 diligenter
2315 3933 2590 3981 examinat
2619 3933 2620 3936 ’

437 4013 598 4071 atque
633 4009 867 4057 scienter
891 4009 1131 4056 ostendit
1151 4011 1353 4070 quanto
1379 4007 1562 4069 aptius
1594 4020 1756 4067 quam
1802 4006 2023 4062 latinuS,
2057 4004 2386 4054 sententiam
2425 4017 2588 4051 voca-

436 4080 581 4129 bulis
610 4080 883 4129 hebraicis
910 4079 1230 4141 subjectam,
1258 4092 1467 4140 graecus
1502 4092 1679 4140 sermo
1723 4078 2122 4139 interpretetur.
2166 4076 2241 4124 Cr.
2287 4074 2479 4124 Psczlm.
2510 4076 2586 4128 54,

439 4154 489 4199 11
519 4166 532 4210 ;
567 4179 628 4187 —-
661 4151 860 4199 Psalm.
901 4153 979 4208 65,
1008 4152 1064 4198 12
1096 4155 1146 4202 -l-
1176 4151 1234 4197 18
1264 4155 1316 4206 4-
1345 4151 1440 4207 25;
1481 4176 1540 4185 -
1568 4146 1762 4197 Psalm.
1797 4150 1902 4208 118,
1937 4151 1982 4206 4,
2012 4150 2102 4205 12;
2129 4175 2189 4184 —
2217 4149 2323 4206 118,
2354 4151 2399 4205 Ξῖ,
2434 4148 2455 4193 1
2486 4162 2496 4206 ;
2529 4173 2588 4180 -

438 4223 651 4281 118,15,
677 4225 733 4281 4;
762 4224 1068 4279 -136,10;
1100 4223 1289 4280 -133,
1319 4224 1394 4278 43,
1423 4223 1565 4269 etc...
2192 4257 2196 4262 .
2469 4253 2474 4258 .
