3371 4999
1356 417 1728 473 —139—

464 562 771 649 pretium
834 570 939 631 est
1005 564 1152 633 haee
1205 565 1483 650 addere,
1537 590 1696 657 quae
1750 590 1832 634 ex
1893 558 2318 659 quibusdam
2380 568 2612 637 verbis

464 674 867 743 efficiuntur
911 679 1297 766 praesertim
1356 701 1439 747 ex
1492 680 1705 764 verbo
1743 704 1893 748 sum
1931 687 2198 750 ‘structo
2240 688 2401 750 eum
2450 705 2618 751 con-

459 784 822 874 junctione
865 803 942 856 ut
979 792 1095 859 vel·
1131 793 1280 860 726¹.

717 945 783 994 ut
811 956 1000 996 unum
1025 942 1089 996 in
1118 942 1234 998 fide
1265 947 1471 998 nostra
1488 945 1931 1014 sintuterque...
1955 944 2105 1015 (esse
2137 944 2513 1016 doceantur).
2542 947 2619 1001 De

685 1036 910 1103 Trinit„
939 1037 982 1105 Ι,
1013 1042 1063 1091 7.
2005 1052 2006 1055 ’

716 1135 846 1185 ut...
872 1132 1055 1187 Filius
1077 1125 1277 1189 tamen
1293 1134 1397 1188 Dei
1414 1114 1538 1190 non
1566 1141 1704 1189 esset
1722 1135 1874 1205 (esse
1891 1135 2277 1208 crederetur).
2295 1137 2372 1211 De
2392 1138 2617 1205 Trinit„

648 1236 649 1239 ¹
683 1227 747 1295 v,
785 1232 832 1280 1.
2527 1218 2530 1219 ’

710 1329 773 1376 ut
819 1338 887 1376 ex
918 1323 1068 1377 vobis
1093 1320 1358 1379 Christus
1391 1310 1627 1381 Jesuss..
1660 1327 1817 1380 Deus
1842 1328 1980 1381 sit...
2014 1328 2103 1398 (ut
2141 1343 2212 1381 ex
2244 1327 2475 1383 vobiS...
2507 1329 2614 1384 do-

684 1422 887 1473 ceatur
914 1421 1088 1489 esse).
1123 1422 1195 1474 De
1232 1423 1459 1487 Trinit„
1492 1423 1556 1488 V,
1592 1424 1679 1477 18.

716 1512 800 1567 sic
848 1529 883 1567 a
912 1517 967 1567 te
1012 1531 1169 1569 unus
1216 1520 1276 1569 et
1311 1532 1484 1570 verus
1523 1518 1679 1569 Deus
1716 1516 2077 1585 praedicatur
2111 1523 2175 1570 ut
2207 1533 2319 1571 non
2356 1520 2498 1572 sit...
2533 1519 2623 1589 (ut

685 1625 807 1665 non
839 1624 966 1665 esse
990 1610 1390 1681 praedicetur).
1424 1613 1500 1665 De
1528 1613 1751 1679 Trinit.,
1787 1612 1850 1679 V,
1874 1615 1962 1665 25.

722 1704 884 1761 calor
912 1705 1244 1773 haeretieuS,
1268 1706 1325 1760 id
1353 1705 1632 1765 laborans
1662 1712 1728 1760 ut
1772 1706 1844 1761 de
1877 1722 2000 1761 non
2027 1707 2397 1763 exstantibus
2437 1726 2623 1764 nasce·

685 1807 908 1857 retur...
944 1801 1129 1871 (nasei
1170 1802 1513 1871 diceretur).
1551 1805 1624 1856 De
1656 1804 1883 1867 Trinit„
1912 1803 2003 1868 VI,
2041 1805 2124 1856 15.
2193 1816 2196 1823 ·

720 1899 806 1961 tu,
846 1911 921 1950 ne
957 1896 1229 1951 nativitas
1280 1903 1507 1950 maneat
1548 1897 1814 1967 (manere
1861 1897 2187 1967 doceatur),
2222 1902 2499 1953 naturam
2532 1901 2624 1954 in—

684 1990 1060 2047 demutabilis
1089 1991 1192 2045 Dei
1225 1993 1546 2062 opponiS...
1578 1995 1655 2046 De
1688 1995 1911 2061 Trinit„
1944 1993 2035 2059 V1‚
2073 1997 2159 2047 17.

572 2068 581 2081 ’
743 2087 1128 2157 incorporeus
1159 2090 1336 2156 DeuS,
1379 2089 1557 2143 sicuti
1603 2094 1659 2143 et
1712 2094 1819 2157 est,
1880 2088 2103 2143 ideirco
2151 2089 2486 2144 affirmatur
2528 2091 2621 2159 (ab

686 2182 941 2253 Arianis)
967 2199 1043 2237 ne
1088 2182 1242 2237 filius
1272 2189 1446 2238 natus
1491 2200 1563 2238 ex
1599 2186 1719 2237 Deo
1761 2187 1902 2238 sit...
1935 2184 2083 2254 (esse
2114 2184 2497 2255 intelligatur,
2529 2187 2617 2240 vel

688 2276 1011 2348 doceatur).
1043 2280 1120 2333 De
1151 2280 1370 2346 Triuia,
1400 2279 1521 2348 VII,
1544 2283 1597 2332 2.
2300 2262 2308 2270 ’

721 2387 1067 2442 quanquam
1133 2372 1206 2426 ad
1260 2372 1320 2426 id
1374 2388 1483 2426 nos
1540 2372 1881 2429 communis
1939 2373 2362 2445 intellegentiae
2410 2390 2622 2429 sensus

689 2467 1047 2538 impelleret,
1081 2483 1156 2524 ne
1182 2467 1244 2522 in
1277 2473 1492 2523 natura
1517 2467 1726 2524 eadem
1756 2474 2105 2524 naturarum
2144 2460 2387 2525 nomina
2420 2486 2619 2524 conve—

687 2566 875 2617 nirent
904 2564 1004 2634 (ne
1035 2565 1351 2619 convenire
1377 2570 1620 2618 naturas
1642 2564 2164 2636 existimaremus),
2197 2570 2254 2619 et
2277 2581 2400 2619 non
2433 2582 2621 2620 unum

685 2667 861 2714 essent
893 2660 1035 2730 (non
1065 2677 1254 2714 unum
1284 2675 1412 2714 esse
1445 2660 1948 2730 existimaremus)
1990 2661 2072 2731 (ii)
2107 2661 2329 2730 quibus
2366 2661 2426 2714 id
2460 2662 2623 2738 quod

686 2760 847 2819 sunt,
880 2771 1000 2818 non
1033 2755 1300 2811 differret
1335 2756 1396 2808 in
1441 2771 1680 2826 genere,
1717 2761 1986 2812 tamen...
2019 2758 2096 2809 De
2140 2757 2364 2823 Trinit„
2405 2757 2544 2825 VIII,
2571 2760 2623 2810 4.

721 2850 1098 2920 Apostolus...
1124 2855 1377 2905 mortem
1404 2852 1616 2906 Christi
1645 2853 1726 2906 ita
1743 2853 2059 2923 signifieat.
2089 2860 2152 2906 ut
2177 2869 2409 2906 carnoso
2428 2853 2626 2920 spoliet

691 2946 781 3018 (ut
805 2963 982 3002 carne
1016 2947 1315 3001 Christum
1347 2947 1503 3002 dicat
1533 2963 1593 3001 se
1625 2947 1922 3017 spoliare).
1955 2951 2031 3001 De
2065 2950 2288 3014 Trinit„
2314 2949 2378 3017 X,
2411 2949 2499 3002 48.

567 3110 658 3177 Iis
706 3133 858 3200 quae
896 3109 1101 3176 modo
1143 3110 1284 3176 dixi
1324 3109 1408 3176 de
1449 3093 1810 3176 Hilariano
1845 3110 2115 3177 dicendi
2162 3095 2438 3199 genere,
2483 3133 2625 3176 non

476 3224 597 3291 abs
646 3248 718 3291 re
758 3224 1067 3291 alienum
1111 3230 1215 3316 est
1255 3245 1333 3290 ea
1373 3224 1684 3290 conferre
1726 3246 1879 3311 quae
1917 3209 2051 3289 hae
2087 3223 2168 3289 de
2224 3247 2294 3289 re
2346 3224 2626 3312 scripsit

478 3337 549 3403 S.
596 3339 1106 3427 Hieronymus:

571 3480 602 3512 «
655 3451 991 3532 Hilarius,
1022 3449 1274 3538 inquit,
1296 3449 1546 3538 gallico
1579 3451 1922 3516 cothurno
1954 3449 2338 3531 attollitur3
2371 3455 2438 3515 et
2464 3472 2622 3515 cum

480 3594 510 3626 «
567 3565 843 3631 Graeeiae
880 3563 1168 3630 floribus
1215 3561 1608 3644 adornetur,
1646 3563 1875 3652 longis
1923 3562 2278 3629 interdum
2323 3562 2626 3650 periodis

481 3707 511 3739 «
565 3679 973 3760 involvitur,
1010 3683 1077 3743 et
1110 3700 1149 3743 a
1185 3676 1475 3743 lectione
1511 3676 2020 3784 simpliciorum
2053 3677 2350 3743 fratrum
2380 3677 2626 3764 procul

362 3819 411 3882 ἰ
483 3821 513 3854 «
567 3795 739 3859 eStQ.
801 3820 830 3852 »

571 3907 742 3973 Cum
793 3905 961 3973 dicit
1037 3904 1107 3971 S.
1172 3904 1642 3993 Hieronymus
1708 3902 1775 3970 S.
1832 3851 2179 3970 Hilarium
2244 3908 2311 3969 et
2369 3900 2627 3991 qallico

529 4148 586 4213 d.
626 4144 700 4194 Cf.
729 4145 859 4204 Stix,
893 4159 945 4207 p.
979 4147 1038 4192 42
1070 4147 1123 4193 et
1149 4157 1265 4205 seq.

541 4220 587 4265 2.
625 4217 862 4277 Hieron„
889 4217 1053 4279 Epist.
1086 4215 1206 4263 XIII
1231 4215 1304 4263 ad
1329 4212 1546 4262 Paulin.
