3371 4999
1651 445 1739 453 —
1789 408 1890 470 140
1936 445 2024 454 ...-

767 577 1091 643 cothurno
1131 577 1384 660 attolli,
1420 583 1491 644 et
1533 579 1809 646 Graeciae
1839 579 2125 668 floribus
2160 577 2513 662 adornari,
2564 583 2632 646 et
2687 579 2914 667 lonqis

768 690 1110 757 interdum
1162 691 1460 780 periodis
1527 691 1818 775 involvi,
1891 715 1930 759 a
1987 715 2152 760 vero
2207 692 2448 760 abesse
2525 692 2700 759 mihi
2772 689 2913 758 non

763 804 1063 886 videtur,
1109 805 1368 894 quippe
1419 829 1579 873 cum
1621 829 1748 896 ego
1796 808 1943 897 ipse
1985 806 2278 872 dixerim
2319 812 2383 873 et
2424 815 2909 896 exaggeratam

764 934 915 984 esse
957 917 1107 1006 ejus
1160 919 1618 1000 orationem¹‚
1677 924 1747 985 et
1793 917 2288 1009 locupletatam
2330 926 2475 986 arte
2517 920 2910 987 Graecorum
2969 1000 2970 1003 Ἴ

765 1029 914 1120 ejus
969 1031 1441 1121 eloquentiam
1462 1034 1510 1115 2,
1565 1039 1632 1099 et
1685 1039 2042 1099 oratorum
2079 1055 2271 1099 more
2330 1033 2395 1099 id
2464 1039 2567 1099 est
2631 1034 2782 1099 fuse
2837 1055 2914 1098 ac

765 1144 1090 1211 concluse
1143 1168 1305 1211 eum
1363 1145 1746 1234 saepissime
1794 1147 2012 1235 loqui.
2066 1147 2304 1235 Neque
2359 1138 2581 1213 'etiam
2645 1145 2913 1212 fallitur

767 1280 927 1325 cum
967 1257 1158 1325 addit
1194 1281 1357 1324 eum
1392 1280 1436 1323 a
1475 1258 1765 1325 lectione
1797 1258 2310 1349 simpliciorum
2344 1261 2650 1349 fratrum
2671 1257 2918 1348 procul

769 1394 918 1438 esse
947 1394 962 1451 3
996 1393 1239 1437 verum
1277 1376 1460 1438 errat
1490 1371 1736 1460 procul
1767 1371 1980 1439 dubio
2022 1374 2080 1439 si
2123 1378 2322 1461 putat
2347 1372 2727 1439 obscurum
2763 1394 2913 1437 esse

769 1483 1213 1551 Hilarianum
1264 1507 1690 1567 sermonem,
1738 1485 2006 1552 nullam
2058 1484 2397 1552 aliam'ob
2452 1507 2736 1553 causam
2774 1484 2911 1551 nisi

766 1600 933 1688 quia
992 1598 1280 1687 floribus
1344 1599 1621 1666 Graeciae
1697 1599 2115 1681 adornetur3
2182 1622 2512 1689 magnam
2582 1600 2772 1666 enim
2839 1601 2913 1665 in

766 1713 1014 1779 multis
1101 1710 1281 1802 apud
1375 1713 1445 1780 S.
1525 1713 1876 1779 Hilarium
1948 1715 2451 1781 obscuritatem
2529 1737 2681 1781 esse
2756 1737 2915 1780 con-

766 1832 900 1893 stat
930 1848 1012 1892 ex
1042 1848 1120 1892 eo
1150 1825 1333 1915 quod
1371 1826 1678 1916 disputet
1704 1827 1786 1895 de
1814 1827 2019 1894 rebus
2046 1828 2215 1895 adeo
2251 1827 2625 1896 reconditis
2656 1834 2913 1895 uteru-

763 1939 1074 2005 ditorum
1126 1940 1437 2027 ipsorum
1492 1941 1975 2030 intellegentia
2031 1943 2146 2008 vix
2202 1942 2906 2032 comprehendantur,

765 2054 1024 2120 nedum
1090 2077 1128 2120 a
1185 2053 1396 2144 vulgo
1458 2055 1775 2144 intellegi
1817 2057 2107 2143 possint.
2166 2055 2363 2137 Quod
2423 2052 2909 2124 Cassiodorum

771 2168 1085 2260 minime⁸
1126 2169 1350 2256 fugit3
1409 2168 1522 2236 hic
1578 2170 1766 2235 enim
1821 2169 1905 2236 de
1967 2171 2038 2236 S.
2085 2170 2351 2237 Hilario
2407 2170 2647 2238 scribit
2701 2171 2907 2240 haec:

768 2310 798 2341 «
843 2281 1084 2350 Nimia
1110 2281 1608 2371 profunditate
1659 2282 1939 2348 subtilis
1980 2290 2046 2350 et
2096 2285 2548 2351 cautissimus
2601 2283 2913 2372 disputa·-

766 2400 873 2461 tor
914 2392 1196 2474 incedit,
1259 2395 1572 2483 altasque
1613 2395 2125 2483 scripturarum
2166 2396 2436 2485 abyssos
2477 2396 2550 2463 in'
2598 2395 2908 2462 medium

774 2514 1173 2576 reverenter
1202 2509 1555 2576 adducens
1587 2510 1753 2577 facit
1777 2513 1825 2575 3.
1884 2539 1914 2571 »

825 2722 869 2769 1.
906 2718 1185 2783 Cf.p.13‘1.

825 2793 871 2839 2.
909 2789 983 2840 Cf.
1015 2805 1068 2855 p.
1094 2795 1170 2840 11.

827 2864 873 2910 3.
912 2863 1173 2922 Cassiod,
1206 2864 1280 2912 De
1306 2864 1432 2912 Inst.
1463 2864 1567 2912 div.
1599 2863 1728 2925 litt„
1756 2865 1940 2914 xvlll.
