3371 4999
1364 823 1677 906 LIBER
1739 824 2270 910 SECUNDUS

944 1045 1050 1106 nn
1094 1044 1539 1107 vocABums
1579 1042 2281 1123 USH'ATIS'QUIBUS
2319 1050 2455 1112 V1s
2495 1051 2719 1113 Nou

1092 1152 1097 1159 '
1573 1173 2045 1235 summum

841 1568 1196 1635 Vocabula
1268 1570 1524 1658 quibus
1606 1572 1851 1659 optimi
1929 1573 2302 1660 scriptores
2367 1572 2722 1662 quondam
2797 1573 2908 1640 usi

759 1688 945 1764 sunt,
991 1681 1103 1749 sed
1165 1684 1423 1771 quibus
1482 1706 1521 1750 a
1574 1684 1641 1750 S.
1689 1685 1955 1751 Hilario
2015 1687 2120 1752 vis
2173 1710 2351 1755 nova
2407 1687 2720 1776 subjecta
2773 1692 2900 1767 est,

759 1803 910 1862 tum
950 1795 1035 1862 ad
1076 1795 1530 1863 christianam
1564 1796 1980 1885 religionem
2016 1798 2529 1887 pertinentibus
2566 1807 2715 1866 tum
2746 1821 2908 1888 pro-

758 1909 938 1975 fanis
964 1909 1172 1976 rebus
1205 1911 1669 1997 imponuntur
1698 1934 1838 1977 non
1881 1935 2078 1978 secus
2127 1919 2338 2002 atque
2379 1936 2458 1979 ea
2497 1936 2650 2002 quae
2699 1935 2907 2000 supra

760 2024 1153 2091 numeravi.

1493 2505 1777 2572 CAPUT
1822 2506 2167 2573 PRIMUM

744 2718 832 2779 DE
869 2718 1263 2781 VOCABULIS
1305 2718 1470 2795 QUAE
1512 2718 1748 2781 REBUS
1793 2718 1886 2779 AD
1929 2718 2421 2780 CHRISTIANAM
2476 2715 2908 2778 RELIGIONEM

1287 2845 1856 2910 PERTINENTIBUS
1898 2847 2370 2910 IMPONUNTUR

836 3186 1192 3254 Vocabula
1226 3187 1584 3253 communi
1627 3209 1757 3252 usu
1793 3187 1958 3252 trita
1985 3185 2240 3274 quibus
2277 3185 2641 3251 christiani
2684 3186 2900 3273 scrip-

746 3308 932 3367 tores
973 3301 1084 3366 usi
1135 3306 1300 3366 sunt
1339 3305 1418 3366 ut
1464 3299 1815 3366 inauditas
1855 3306 2013 3366 ante
2050 3301 2430 3366 sententias
2476 3300 2902 3387 explicarent

748 3414 1050 3503 plurima
1099 3414 1373 3479 suntin
1427 3414 1704 3500 scriptis
1762 3415 1831 3478 S.
1881 3412 2165 3493 llilarii3
2211 3435 2366 3501 quae
2416 3412 2692 3501 singula
2732 3434 2900 3478 enu-

748 3549 1015 3593 merare
1083 3525 1262 3591 nihil
1330 3527 1597 3608 attinet,
1664 3548 1828 3591 cum
1892 3548 2034 3591 non
2105 3548 2324 3613 pauca
2392 3526 2464 3591 in
2541 3525 2900 3613 Scriptura

745 3639 950 3707 Sacra
1006 3645 1213 3728 atque
1259 3638 1444 3727 apud
1488 3639 1861 3727 scriptores
1915 3638 2417 3706 ecclesiasticos
2469 3661 2652 3728 saepe
2704 3661 2899 3728 repe-

748 3753 1040 3818 riantur.
1086 3752 1268 3819 Satis
1312 3752 1526 3841 igitur
1564 3753 1696 3817 erit
1745 3752 1816 3816 in
1862 3750 2278 3840 quibusdam
2322 3753 2702 3819 consistere
2743 3774 2896 3842 quae.

746 3886 927 3930 nova
980 3871 1143 3931 sunt
1210 3870 1330 3931 aut
1396 3865 1641 3930 saltem
1721 3866 1947 3930 rarius
2001 3871 2371 3953 usurpata;
2428 3865 2597 3931 haec
2660 3871 2894 3932 autem

747 3976 949 4044 facile
1004 3986 1108 4045 est
1170 3978 1240 4043 in
1307 3976 1625 4044 ordinem
1690 3976 2004 4065 redigere
2063 3979 2320 4067 quippe
2384 4000 2542 4045 cum
2598 4002 2752 4067 quae
2812 3979 2897 4045 iis

748 4091 1183 4180 explicantur
1219 4092 1331 4158 vel
1371 4090 1456 4157 ad
1501 4090 1720 4156 Deum
1760 4089 1872 4158 vel
1913 4089 1995 4157 ad
2039 4090 2397 4157 Christum
2439 4091 2896 4182 divinamque

750 4204 1123 4271 hominurn
1168 4203 1722 4293 redemptionem
1757 4204 2170 4293 pertineant.
