3371 4999
1402 408 1776 459 ——117—

511 552 730 609 Arcera
873 553 1190 624 prohibitio
1230 554 1393 609 enim
1425 571 1495 609 ea
1533 518 1779 609 denium
1810 558 1899 609 est
1931 558 1995 609 ut
2024 553 2084 608 id
2126 553 2510 636 quodyfiebat,
2535 556 2658 622 fieri

651 648 978 697 arceatur...
1007 643 1075 697 In
1100 643 1304 697 Psalm.
1339 646 1463 711 118,
1493 646 1580 711 13,
1615 643 1705 698 8⁴.

509 728 892 787 Consternati
1072 731 1287 787 Filium
1319 748 1492 786 mens
1521 738 1917 788 consternatur
1953 734 2297 800 attinqere...
2322 734 2399 786 De
2431 734 2657 797 Trinit.,

652 820 700 873 II
756 822 808 875 8.
853 822 857 831 '

507 860 722 978 Egere,
769 949 828 965 ....
871 925 993 963 non
1024 908 1121 964 ille
1147 912 1302 976 equit
1331 911 1509 965 homo
1540 912 1752 979 effici...
1792 913 1869 964 De
1910 913 2135 979 Trinit„
2169 912 2239 978 ΙΙ,
2272 915 2361 966 25.

505 998 900 1054 Exardesoere
979 999 1295 1054 ..horum
1328 1000 1509 1071 igitur
1536 999 1724 1055 fulcri
1749 1000 2082 1070 respondere
2108 1001 2348 1055 animus
2369 1001 2625 1054 exarsit.

648 1089 724 1140 De
749 1089 992 1155 Trinit„
1004 1041 1079 1155 uI
1118 1093 1201 1143 17.

503 1175 857 1245 Exspectare
1037 1178 1249 1231 salvari
1285 1184 1571 1248 eoespectat
1607 1177 1680 1232 ab
1722 1193 1791 1231 eo
1832 1177 1905 1232 ad
1950 1193 2128 1269 quem
2176 1182 2449 1246 precatus
2497 1181 2625 1230 est..

645 1265 713 1319 In
752 1266 958 1319 Psalm.
1003 1268 1206 1333 54,10.

503 1353 770 1409 Ohoedire
849 1396 883 1408 ..
896 1354 1227 1409 ‚homine
1215 1371 1364 1424 lpso,
1393 1357 1454 1410 in
1490 1372 1606 1426 quo
1629 1357 1785 1410 Deus
1815 1357 1968 1409 nasci¹
1997 1354 2315 1420 oboedierat‚
2357 1353 2653 1410 salvate...

645 1445 712 1496 In
734 1445 938 1497 Psalm.
965 1446 1052 1511 53,
1084 1448 1133 1498 5.

504 1533 728 1601 Rogare
910 1537 969 1586 et
1021 1532 1175 1588 viam
1216 1533 1559 1589 tribulatam
1604 1551 1735 1605 quae
1792 1533 1868 1588 ad
1913 1533 2124 1588 caelum
2164 1533 2284 1605 agit
2325 1549 2647 1601 coynoscere

642 1627 873 1689 royac...
904 1622 974 1675 In
1007 1624 1212 1678 Psalm.
1249 1627 1370 1692 142,
1406 1627 1491 1678 11.

581 1763 636 1844 e)
682 1763 1039 1825 Infinitivus
1071 1765 1362 1847 sequitur
1393 1765 1589 1827 verba
1623 1775 1867 1827 motum
1904 1765 2334 1848 significantia
2358 1765 2405 1825 ².

694 1880 843 1934 .hic
874 1886 965 1936 est
988 1883 1089 1952 qui
1116 1885 1267 1936 venit
1288 1884 1481 1938 tollere
1521 1889 1762 1953 peccata
1790 1883 2041 1937 mundi.
2054 1885 2161 1936 .In
2191 1883 2395 1937 Psalm.
2440 1885 2563 1948 129,
2593 1885 2645 1951 9.

747 1974 899 2024 vemt
920 1970 1129 2043 llgatos
1152 1973 1402 2027 solvere..
1415 1975 1523 2026 ‚In
1546 1974 1749 2028 Psalm
1781 1975 1902 2038 136,
1936 1975 1986 2026 3.

747 2063 900 2115 venit
927 2044 1126 2115 auc'iire
1163 2078 1341 2131 quam
1377 2066 1504 2116 erat
1528 2061 1821 2116 admirata
1860 2060 2279 2130 sapientiam...
2316 2063 2384 2115 In
2416 2061 2642 2128 Matth„

718 2155 804 2216 12,
836 2154 925 2204 20

692 2240 890 2294 .dum
909 2239 1570 2309 proyredereturorare..
1583 2243 1684 2294 ,1η
1714 2241 1937 2307 Matth„
1966 2242 2053 2307 31,
2091 2243 2139 2293 1.

745 2345 953 2383 omnes
979 2330 1143 2384 enirn
1163 2331 1436 2385 currimus
1477 2329 1958 2398 apprehendere...
1993 2330 2060 2382 Ιη
2091 2328 2291 2381 Psaln.
2319 2328 2404 2395 13,
2440 2330 2491 2380 4.

737 2419 889 2471 venit
911 2418 1072 2472 enim
1105 2418 1395 2472 mundum
1422 2420 1681 2472 vincere..
1694 2420 1797 2471 .Ιη
1833 2417 2033 2470 Psalm.
2065 2419 2151 2483 67,
2182 2419 2234 2468 2.

1228 2602 1300 2662 11.
1349 2637 1426 2647 —
1468 2603 1548 2664 De
1590 2601 1906 2682 gerundio

575 2763 634 2821 1⁰
686 2760 1005 2821 Nonnulla
1073 2760 1388 2842 gerundia
1443 2781 1588 2821 cum
1653 2760 2019 2822 nominibus
2086 2760 2435 2821 insolenter
2490 2759 2637 2841 jun-

493 2867 753 2940 guntur.

739 2983 812 3038 ad
843 2984 1050 3038 flatum
1085 2986 1615 3053 respirationemque
1644 2984 1932 3038 vivendi...
1973 2985 2038 3035 In
2080 2983 2280 3036 Psalm.
2312 2985 2400 3046 67,
2436 2986 2523 3035 22.

738 3073 1121 3142 exprobrat...
1177 3072 1506 3127 immundis
1553 3072 1858 3143 spiritibus
1912 3072 2068 3125 nidos
2134 3070 2517 3140 quiescendi...
2564 3072 2630 3123 In

701 3163 924 3228 Matth„
957 3167 1009 3230 7,
1042 3167 1125 3216 10.
2499 3149 2500 3152 ’

738 3251 1012 3319 quaedam
1043 3243 1480 3320 circumscriptio
1509 3251 1848 3321 opinandi...
1884 3252 1956 3303 De
1979 3251 2203 3316 Trinit.,
2229 3251 2296 3316 ΙΙ,
2335 3254 2384 3302 7.

733 3342 809 3394 sic
839 3343 1074 3402 initia...
1112 3342 1374 3395 nascendi
1399 3340 1799 3395 molluntur...
1830 3343 1903 3394 De
1938 3342 2161 3406 Trinit„
2191 3340 2259 3407 II,
2295 3342 2383 3392 27.

736 3445 872 3483 cum
903 3429 1176 3484 nativitas
1207 3437 1417 3484 natura
1447 3431 1711 3484 nascendi
1736 3429 1887 3483 sit...
1927 3431 1999 3482 De
2032 3430 2254 3496 Trinit„
2289 3428 2375 3495 VI,
2413 3430 2496 3481 14.

730 3519 1037 3586 profitendi
1066 3524 1266 3573 autem
1309 3521 1764 3572 contestatmnem
1798 3517 2205 3589 intellegentia
2235 3517 2492 3570 veritatis
2525 3515 2632 3569 eli-

636 3649 639 3656 .
702 3606 890 3661 cuit...
924 3611 1000 3661 De
1033 3610 1256 3674 Triuia,
1287 3609 1375 3674 VI,
1412 3611 1497 3661 34.

739 3697 1179 3763 intelleqentiam
1201 3697 1537 3766 corrupisse
1568 3697 1896 3768 credendi...
1921 3699 1995 3748 De
2024 3698 2247 3762 Tri‘nz't„
2276 3695 2419 3762 VIII,
2458 3698 2542 3748 10.

744 3785 885 3839 dum
916 3786 1029 3840 sibi
1060 3787 1183 3858 ipse
1215 3788 1375 3853 ori90
1404 3787 1667 3840 nascendi
1698 3791 1850 3841 est...
1888 3790 1961 3841 De
1994 3789 2215 3852 Trinit„
2247 3786 2339 3850 IX,
2372 3789 2425 3837 7.

740 3875 881 3943 quIa
928 3875 1077 3929 nihil
1126 3874 1287 3930 aliud
1344 3875 1499 3930 ultra
1543 3877 1617 3930 ad
1657 3876 2124 3946 intellegentiam
2167 3874 2269 3928 Dei
2322 3877 2635 3927 aeternitate

552 4058 596 4104 1.
634 4057 709 4105 Cf.
739 4056 957 4116 Goelzer,
987 4058 1143 4106 Saint
1169 4059 1390 4119 Je'rome,
1420 4074 1469 4122 p.
1500 4061 1620 4119 3693
1651 4086 1712 4093 —
1738 4059 1966 4121 Draeger,
1996 4059 2057 4116 ΙΙ,
2087 4073 2138 4120 p.
2167 4060 2274 4106 346.

549 4129 595 4175 2.
635 4128 709 4176 Cf.
744 4129 1024 4190 Riemann,
1076 4131 1098 4192 ἓ
1145 4132 1256 4191 245,
1308 4130 1447 4179 Rem.
1504 4132 1544 4188 Ι,
1584 4145 1633 4193 p.
1676 4132 1796 4189 4493
1848 4158 1906 4167 —
1950 4131 2169 4190 Goelzer,
2217 4130 2374 4178 Saint
2403 4129 2630 4187 Je'rome,

487 4211 539 4261 p.
568 4201 675 4248 370.
