3371 4999
1360 434 1700 488 ...57-

527 585 798 644 Innatus
832 581 1000 643 idem
1030 581 1201 643 valet
1229 591 1420 665 atque
1448 585 1672 644 insitus
1697 581 1867 663 apud
1890 580 2184 641 eumdem
2203 578 2600 645 Ciceronem.

529 679 705 743 Deus
756 680 1123 741 nominatur
1177 683 1484 755 conditor,
1517 689 1789 756 creator,
1825 698 2055 760 nempe
2111 682 2221 759 qui
2276 698 2356 739 θα)
2407 682 2606 742 nihilo

448 781 665 840 omnia
695 779 950 840 duxit...
988 777 1087 839 Cf.
1129 779 1402 852 Goelzer,
1430 799 1472 861 p
1500 780 1660 840 228.

698 912 761 967 in
825 928 942 983 quo
989 912 1183 983 majus
1226 912 1494 968 officium
1543 917 1831 985 praestare
1866 914 2147 968 conditori
2182 930 2287 969 suo
2332 913 2604 969 minusve

660 1007 928 1072 posset...
961 1004 1038 1055 De
1070 1004 1297 1069 Trinit„
1329 1004 1370 1072 Ι,
1404 1006 1458 1058 8.

696 1091 825 1163 ipso
862 1098 1111 1147 creatore
1136 1093 1256 1148 Deo
1287 1096 1540 1147 testante
1582 1092 1654 1146 de
1689 1108 1821 1146 se...
1853 1095 1930 1146 De
1971 1094 2197 1158 Trinit„
2230 1094 2270 1158 Ι,
2301 1096 2351 1148 5.

527 1246 718 1331 Apud
779 1248 1049 1311 eximios
1099 1247 1448 1330 scriptores
1497 1250 1807 1324 conditor,
1847 1259 2185 1310 creator:
2221 1248 2329 1331 qui
2365 1249 2605 1310 consti-

448 1347 571 1408 tuit
613 1347 910 1428 (urbem).

526 1444 653 1506 Pro
691 1444 890 1506 verbo
925 1465 1146 1506 creare
1190 1444 1254 1506 id
1294 1453 1395 1508 est
1421 1465 1523 1506 res
1554 1465 1635 1506 ex
1666 1447 1864 1507 nihilo
1896 1447 2124 1507 ducere
2154 1445 2325 1527 quod
2362 1446 2605 1528 reperi-

448 1551 553 1604 tur
606 1563 778 1624 saepe
835 1543 901 1603 in
968 1542 1168 1605 Sacra
1233 1543 1588 1625 Scriptura,
1651 1543 1720 1606 S.
1788 1542 2073 1605 Hilarius
2143 1544 2344 1606 utitur
2411 1544 2605 1606 verbo

446 1641 806 1716 fundare...
2051 1661 2057 1669 ·

688 1774 851 1830 aliud
879 1779 1127 1831 estante
1161 1777 1376 1831 saecula
1402 1776 1708 1845 fundari...
1741 1778 1819 1831 De
1851 1778 2076 1842 Trinit„
2103 1777 2223 1843 XII,
2256 1781 2346 1833 36.

532 1928 722 2010 Apud
749 1928 1022 1991 eximios
1056 1928 1404 2011 scriptores
1436 1932 1720 2005 fundare
1752 1928 1920 1990 idem
1949 1929 2119 1990 valet
2147 1937 2339 2011 atque
2369 1933 2603 2007 optime

454 2031 831 2089 constituere
859 2025 1248 2107 (imperium,
1288 2030 1487 2108 opes).

534 2127 659 2184 Res
712 2144 791 2184 ex
839 2127 1040 2184 nihilo
1071 2125 1300 2185 ducere
1329 2132 1595 2186 vocatur
1637 2128 1899 2198 creatiO,
1946 2127 2044 2184 vel
2083 2127 2465 2184 constitutio.
2501 2121 2599 2185 Cf.

460 2223 735 2296 Goelzer,
769 2243 831 2304 p.
870 2224 1009 2285 229.

697 2357 796 2412 alii
836 2374 1041 2413 vero...
1084 2359 1448 2414 nativitatem
1493 2363 1800 2431 neganteS,
1847 2359 2181 2412 creationem
2235 2357 2419 2412 solam
2469 2372 2605 2428 pro-

672 2447 811 2503 fessi
850 2455 1056 2504 sunt...
1091 2449 1166 2502 De
1200 2440 1423 2517 Trinit„
1453 2449 1495 2515 I,
1526 2452 1612 2503 16.

695 2536 1009 2609 gloriam...
1054 2553 1231 2607 quam
1280 2542 1418 2592 ante
1459 2539 1907 2592 constitutionem
1944 2536 2155 2591 mundi
2203 2536 2359 2606 apud
2415 2537 2600 2590 Deum

668 2626 942 2681 habuit...
979 2630 1055 2681 De
1093 2629 1315 2694 Trinit„
1349 2628 1414 2695 X,
1447 2631 1499 2681 7.

535 2782 723 2866 Apud
769 2783 1144 2846 Ciceronem
1200 2789 1436 2845 creatio
1486 2785 1655 2846 idem
1708 2784 1877 2846 valet
1928 2804 2003 2845 ac
2042 2788 2239 2857 lectiO,
2288 2787 2601 2861 cooptatio

456 2881 1001 2964 (magistratuum)
1025 2903 1037 2955 ;
1076 2886 1436 2943 constitutio
1463 2882 1632 2943 idem
1663 2902 1738 2944 ac
1767 2886 2047 2960 corporis
2076 2884 2346 2955 habitur,
2374 2881 2473 2941 vel
2499 2882 2602 2940 dz'-

452 2985 733 3058 spositiO,
757 2984 1214 3059 praescriptum.

534 3078 722 3139 Edita
752 3099 786 3139 a
817 3077 955 3140 Deo
987 3078 1289 3161 prodigia
1318 3087 1628 3139 vocantur
1651 3083 1862 3156 signa,
1888 3082 2170 3141 virtutes,
2190 3076 2285 3139 Cf.
2321 3077 2598 3150 Goelzer,

453 3198 516 3259 p.
554 3179 847 3237 229-230.

704 3329 841 3366 cum
890 3312 1253 3383 postulatum
1301 3311 1373 3366 ab
1416 3328 1484 3368 eo
1530 3316 1687 3366 esset
1728 3316 1792 3366 ut
1832 3314 2052 3379 siqnum
2096 3312 2168 3366 ad
2200 3311 2380 3365 fidem
2420 3311 2490 3365 de
2538 3326 2600 3365 se

669 3401 1079 3455 ostenderet...
1111 3403 1187 3455 De
1220 3403 1442 3468 Trinit.‚
1476 3401 1566 3469 IX,
1604 3405 1691 3454 12.

702 3507 809 3562 per
850 3493 1127 3545 virtutum
1168 3490 1545 3560 operationes
1586 3489 1921 3561 loquuntur
1964 3489 2306 3560 sepulcra...
2355 3491 2430 3543 De
2481 3491 2604 3543 Tri-

666 3582 795 3647 nit„
829 3580 922 3647 XI,
958 3584 1008 3634 3.

531 3740 721 3824 Apud
752 3741 1030 3823 optimos
1074 3741 1443 3823 scriptores,
1477 3746 1730 3818 siynum
1760 3741 1929 3802 idem
1968 3750 2154 3802 sonat
2196 3761 2269 3802 ac
2303 3761 2315 3801 :
2349 3744 2409 3800 1ο
2451 3752 2600 3801 nota

451 3844 549 3900 rei
576 3844 890 3917 impressae
906 3857 931 3915 ,‘
959 3843 1023 3899 2⁰
1052 3843 1358 3900 vexillum
1369 3856 1394 3916 ,·
1416 3842 1479 3900 3⁰
1503 3844 1911 3917 szynz‘fi'catz‘o,
1945 3842 2358 3914 mandatum;
2392 3841 2456 3898 4⁰
2484 3859 2602 3899 au-

452 3942 722 4016 spiciam
735 3957 758 4015 ,·
789 3941 851 3997 5⁰
872 3948 1089 3998 statua
1104 3954 1130 4014 ,·
1161 3941 1222 3997 6⁰
1248 3942 1541 4015 sigilla...
1568 3942 1762 3998 virtus
1793 3946 2004 3999 autem
2035 3937 2204 3998 idem
2235 3956 2307 3998 ac
2337 3941 2428 3996 vis
2463 3957 2602 3997 cor-

444 4039 625 4113 poris
656 4036 757 4098 vel
787 4039 1011 4097 animi.
