3371 4999
1026 564 1128 619 ubi
1151 564 1257 617 dits
1287 565 1485 618 alienis
1512 562 1839 618 adoravit...
1872 566 1939 617 In
1972 566 2172 618 Psalm.
2210 568 2331 630 118,
2357 567 2447 631 20,
2477 568 2531 619 8.

1027 652 1321 722 numquid
1352 652 1647 707 Abraham
1674 655 2048 708 calumniatus
2091 660 2170 706 est
2199 656 2377 707 Deo...
2401 656 2477 706 De
2502 654 2726 719 Trinit„
2752 652 2818 718 X,
2839 653 2925 706 68.

1030 759 1141 797 nec
1171 742 1218 796 si
1250 746 1364 795 stet
1392 743 1617 811 Moyses
1649 746 1709 795 et
1742 742 2003 809 Samuel,
2047 742 2227 813 Moysi
2258 744 2682 810 coqnominatus
2712 746 2770 795 et
2793 757 2931 794 coae-

993 838 1198 903 qualus
1217 833 1354 885 sit...
1392 833 1454 884 In
1484 831 1687 884 Psalm.
1714 832 1888 885 lustr.
1918 835 1950 885 4
1971 831 2013 885 ⁴.
2931 894 2935 899 ,

1024 937 1136 975 nec
1164 919 1364 975 virtuti
1397 919 1527 989 ejus
1552 920 1723 986 rati0,
1755 936 1867 975 nec
1895 922 2109 974 rationi
2136 920 2324 976 virtus
2364 921 2661 976 absistat...
2696 922 2773 973 De
2806 921 2930 973 Tri-

992 1014 1128 1079 na„
1155 1010 1276 1078 x11,
1299 1012 1413 1064 20.-

1516 1219 1618 1282 111.
1669 1256 1745 1266 —
1775 1222 1856 1284 De
1885 1219 2181 1301 genetivo

863 1386 1212 1451 Genetivus
1244 1404 1386 1445 cum
1419 1382 1805 1466 quibusdam
1829 1384 2196 1445 nominibus
2227 1385 2578 1446 insolenter
2608 1384 2926 1467 jungitur.

1030 1526 1203 1596 cujus
1238 1526 1435 1594 itaque
1471 1524 1748 1578 cathedrae
1777 1527 2067 1578 sessionem
2111 1525 2195 1593 (in
2228 1525 2530 1594 cathedra)
2562 1524 2956 1580 existimabi-.

995 1632 1128 1670 mus
1158 1614 1605 1685 pestilentem...
1641 1615 1710 1666 In
1741 1614 1944 1667 Psalm.
1987 1618 2036 1674 1.
2074 1618 2135 1668 10
2168 1613 2354 1684 (sessio
2391 1615 2451 1667 in
2480 1613 2765 1681 cathedra,
2796 1630 2930 1668 curn

996 1704 1298 1759 locutione
1327 1724 1353 1751 «
1386 1703 1447 1756 in
1479 1701 1623 1755 sella
1655 1702 1863 1755 sedere
1897 1724 1924 1750 »
1958 1702 2164 1770 optimi
2194 1702 2516 1772 scriptores
2543 1702 2629 1756 uti
2655 1701 2928 1773 soleant).

993 1794 1079 1847 Cf.
1114 1793 1254 1857 Cic.,
1288 1794 1499 1857 Divin.‚
1536 1794 1585 1856 1,
1617 1793 1703 1845 46.

1030 1882 1103 1936 ad
1136 1883 1429 1935 introitum
1460 1878 1626 1933 illum
1656 1881 1829 1946 requi
1875 1877 2127 1934 caelestis
2162 1878 2246 1949 (in
2284 1879 2626 1952 regnum)...
2671 1894 2933 1934 reserva-

997 1971 1286 2025 buntur...
1312 1972 1377 2023 In
1412 1970 1611 2023 Psalm.
1643 1971 1765 2036 120,
1797 1971 1882 2022 16.

1034 2060 1178 2130 ipsis
1209 2075 1270 2113 se
1305 2057 1564 2128 quodam
1596 2057 1773 2111 modo
1816 2056 2165 2128 corporibus
2193 2062 2491 2113 exuerunt
2521 2059 2598 2113 ad
2627 2060 2933 2126 inpressam

994 2152 1095 2204 viae
1120 2148 1254 2203 talis
1282 2146 1493 2202 oblatis
1527 2146 1610 2217 (in
1642 2146 1888 2217 viam)...
1918 2149 1985 2200 In
2017 2148 2241 2214 Matth„
2273 2151 2365 2215 21,
2393 2152 2445 2201 2.

1033 2238 1385 2307 blasphemiae
1414 2237 1658 2304 Spiritus
1679 2236 1764 2307 (in
1791 2236 2543 2309 Spiritum)indulgentiam
2561 2237 2930 2309 abnegans..

995 2332 1062 2382 In
1090 2328 1315 2393 Manli„
1351 2330 1436 2393 12,
1473 2329 1558 2379 17.

1032 2423 1168 2489 post
1196 2415 1451 2469 multum
1477 2431 1782 2468 sermonem
1813 2431 1971 2484 aquae
2003 2415 2207 2469 viva)...
2237 2419 2313 2469 De
2342 2418 2565 2484 Trinit.,
2597 2418 2664 2483 ΙΙ,
2689 2420 2747 2470 31
2784 2416 2937 2488 (post

995 2522 1293 2560 sermonem
1324 2505 1392 2558 cle
1422 2521 1574 2574 aqua
1609 2504 1752 2572 viva,
1787 2506 1927 2574 quia
1955 2506 2175 2561 usitata
2202 2506 2422 2560 locutio
2451 2507 2576 2561 haec
2604 2511 2728 2561 est:
2760 2524 2943 2562 sermo·

994 2599 1061 2650 (le
1092 2597 1286 2665 aliqua
1314 2595 1417 2665 re).
1453 2593 1537 2647 Cf.
1574 2593 1713 2659 Cic.,
1748 2597 1825 2648 De
1857 2596 2037 2663 Orat„
2069 2597 2136 2663 11,
2165 2597 2254 2650 73.

1029 2670 1207 2740 somni
1238 2684 1559 2753 objurqatio
1596 2689 1655 2737 et
1683 2700 1925 2737 rursum
1958 2685 2304 2751 adhortatio,
2338 2684 2488 2740 nihil
2534 2685 2937 2758 ambiguitatis

997 2774 1417 2843 relinquunt...
1446 2771 1803 2844 (objurgatio
1825 2773 1893 2826 cle
1907 2789 2096 2827 somno
2123 2780 2180 2828 et
2204 2774 2537 2828 adhortatio
2555 2775 2932 2844 adsomnum).

999 2866 1077 2916 De
1104 2863 1329 2930 Trinit„
1363 2863 1430 2929 X,
1465 2864 1553 2915 43.

864 3017 1142 3097 Quidam
1176 3017 1454 3100 genetivi
1485 3017 1860 3079 hebraicum
1887 3038 2246 3079 sermonem
2274 3017 2564 3080 redolent
2586 3018 2634 3080 ².

1033 3159 1366 3212 humilitatis
1404 3157 1660 3228 operibus
1691 3159 2091 3228 promereri...
2124 3162 2191 3213 1η
2223 3161 2446 3230 Manli„
2478 3163 2568 3226 20,
2598 3157 2692 3214 12:

1036 3251 1098 3302 in
1126 3250 1292 3316 factis
1322 3249 1641 3316 iniquitatis
1671 3246 1944 3301 miraculi
1990 3247 2166 3318 plena
2198 3248 2570 3303 meditatio...
2603 3251 2669 3303 In
2709 3250 2936 3316 Mami„

1004 3341 1091 3402 32,
1120 3340 1170 3392 6.

1034 3427 1411 3498 unigenitum
1442 3429 1627 3480 Deum
1647 3431 1706 3480 et
1726 3426 2036 3480 dilectionis
2061 3443 2174 3482 suae
2205 3430 2451 3496 filium...
2485 3431 2561 3481 De
2589 3430 2814 3497 Trinit.,
2846 3429 2935 3497 IX,

999 3519 1086 3571 60.

1034 3606 1321 3673 operarios
1359 3605 1747 3674 iniquitatis...
1781 3621 1899 3659 non
1939 3607 2102 3660 novit
2140 3607 2413 3661 dicens..
2458 3611 2534 3663 De
2576 3611 2796 3678 Trinit.,
2846 3609 2937 3675 IX,

999 3697 1086 3748 65.
1176 3715 1181 3720 ·

863 3828 1076 3892 Verba
1109 3831 1487 3906 dominari³‚
1522 3833 1916 3907 erubescere,
1958 3853 2101 3894 cum
2138 3834 2432 3915 genetivo
2462 3835 2845 3918 junguntur.

850 4060 893 4106 1.
929 4058 1004 4105 Cf.
1035 4059 1256 4118 Goelzer,
1289 4075 1338 4122 p.
1377 4063 1485 4108 315.

846 4133 892 4178 2.
929 4127 1002 4177 Cf.
1034 4131 1255 4191 Goelzer,
1283 4131 1438 4191 Saint
1467 4132 1693 4190 hit-Ome,
1721 4147 1772 4196 p.
1808 4135 1915 4180 323.

847 4203 890 4249 3.
929 4200 1002 4248 Cf.
1029 4203 1283 4261 Roensch,
1301 4218 1352 4266 p.
1378 4206 1464 4251 438
1482 4220 1492 4264 3
1511 4202 1820 4264 -Goelzer,
1839 4203 1994 4265 Ibid„
2018 4219 2071 4269 p.
2096 4208 2211 4266 3223
2230 4207 2537 4270 —Draeger,
2560 4207 2732 4271 Synt.,
2760 4207 2800 4268 1,
2830 4209 2940 4259 494.
