3371 4999
1747 419 2081 469 —30—

840 573 1011 628 Trias
1192 577 1259 626 ut
1305 569 1633 641 simplicem
1667 570 1997 637 ogdoadem
2042 575 2098 622 et
2134 569 2418 640 ogdoadis
2466 571 2748 625 decadem
2791 589 2985 626 sacra-

985 667 1253 715 mentum
1286 660 1550 714 triadis..
1577 658 1981 712 concluderet.
2013 659 2076 710 Ιη
2113 660 2311 711 Psalm.
2351 661 2522 714 Instr.
2564 664 2643 715 13.
2958 728 2964 733 ·

843 752 1376 823 Tympanistria,ae
1570 749 1627 802 in
1702 749 1897 801 medio
1947 751 2472 816 tympanistriarum
2520 751 2772 819 juvenes
2836 750 2989 821 psal-

982 840 1241 894 lenteS...
1278 842 1339 893 In
1371 842 1573 892 Psalm.
1606 843 1694 904 67,
1736 841 1823 891 27.
1850 843 1990 891 Arn.

838 932 977 985 Ueia
1160 935 1446 998 tanquam
1480 930 1642 999 prior
1673 927 2006 981 substantia
2037 927 2125 981 vel
2150 930 2270 980 usia
2296 929 2624 983 materiw...
2650 931 2725 982 De
2760 931 2985 999 Trinit„

987 1021 1077 1084 IV,
1101 1022 1152 1073 4.

1228 1192 1289 1281 3?
1332 1192 1595 1254 Nomina
1638 1210 1715 1254 ex
1747 1192 2025 1254 hebraeis
2055 1192 2314 1254 vocibus
2343 1193 2612 1256 deducta

843 1341 1003 1398 Abba
1186 1345 1244 1394 et
1285 1339 1575 1393 clamatur
1607 1355 1661 1392 a·
1690 1338 1860 1393 nobis
1904 1356 1915 1392 :
1952 1339 2089 1393 abba
2121 1345 2352 1408 pater...
2388 1342 2462 1393 De
2504 1343 2725 1407 Trinit„
2774 1343 2865 1409 vl,
2900 1345 2990 1396 44.

846 1430 1082 1486 Bresith
1122 1480 1123 1483 ,
1263 1429 1461 1481 bresith
1502 1428 1747 1481 ver-bum
1777 1428 2117 1482 hebraicum
2152 1434 2304 1482 est...
2340 1431 2405 1482 In
2436 1431 2633 1483 Psalm.
2664 1435 2717 1496 2,
2747 1434 2796 1483 2.

847 1520 1073 1575 corban
1254 1534 1447 1587 neque
1494 1518 1554 1570 in
1600 1517 1900 1581 corbcman,
1946 1517 2003 1570 id
2054 1525 2140 1571 est
2204 1518 2262 1570 in
2320 1518 2686 1573 oblationum
2742 1521 2993 1589 pecunia

990 1609 1370 1663 admisceri...
1400 1609 1466 1660 In
1496 1608 1720 1669 Mamm,
1751 1610 1837 1672 32,
1868 1612 1917 1661 6.
2407 1624 2409 1626 ’

849 1700 1187 1754 Emmanuel
1370 1712 1509 1750 nam
1554 1702 1611 1749 et
1649 1697 1980 1748 Emmanuel
2019 1713 2239 1750 nomen
2286 1697 2414 1766 ejus
2451 1703 2603 1751 est...
2654 1700 2723 1750 De
2764 1701 2989 1766 Trinitg,

990 1789 1054 1854 X,
1088 1791 1138 1840 7.

847 1876 1125 1931 Gehenna
1307 1874 1777 1944 constitutosque
1837 1875 2096 1939 qehenna‘
2141 1874 2493 1943 pabulum...
2543 1878 2607 1928 In
2652 1877 2851 1930 Psalm.
2905 1879 2990 1943 51,

994 1969 1075 2018 19.
1121 1965 1272 2017 Tert.
1303 1962 1407 2031 (Cf.
1452 1962 1701 2027 ansch,
1732 1979 1787 2030 p.
1813 1963 1958 2030 256).

848 2055 1057 2109 Gomor
1238 2052 1338 2106 ubi
1371 2051 1523 2105 liber
1561 2052 1944 2119 Testamenti,
1978 2053 2081 2106 ubi
2112 2070 2308 2120 qomor
2338 2070 2640 2108 mannae...
2694 2057 2754 2107 1η
2785 2056 2990 2108 Psalm.

986 2146 1227 2210 131‚16.

848 2233 1122 2288 Hosanna
1305 2232 1556 2284 hosanna
1587 2229 1865 2282 hebraico
1894 2245 2170 2283 sermone
2203 2231 2575 2301 significatur
2596 2231 2992 2302 redemptiO...

992 2322 1057 2373 In
1086 2320 1308 2383 Matth„
1342 2321 1430 2383 21,
1466 2321 1515 2371 3.
1547 2318 1708 2371 Juvc.

845 2411 1085 2466 Judaeus
1280 2408 1463 2461 Judaez‘
1520 2423 1781 2476 namque
1849 2413 2291 2461 sacramentum
2361 2409 2627 2477 mysterii
2691 2409 2792 2463 Dei
2855 2425 2995 2462 nes-

993 2499 1288 2570 cientes...
1316 2498 1391 2550 De
1426 2497 1647 2562 Trinit.,
1680 2497 1741 2566 V,
1776 2501 1863 2551 27.
2153 2511 2156 2514 ’

849 2591 1064 2645 Manna
1143 2575 1202 2641 ἶ..
1245 2602 1450 2639 mamm
1495 2602 1524 2638 e
1575 2585 1734 2639 cailis
1771 2586 2083 2640 decidente
2120 2588 2365 2641 saturati
2411 2592 2617 2641 sunt...
2674 2590 2738 2640 1η
2792 2590 2993 2642 Psalm.

993 2683 1079 2742 67,
1114 2682 1168 2731 9.
1213 2678 1367 2729 Tert.
2720 2723 2727 2730 .

850 2769 1037 2824 Nabla
1220 2780 1405 2834 graiae
1465 2762 1834 2833 psalterium,
1888 2764 2161 2818 hebraice
2222 2765 2388 2818 nabla
2457 2771 2875 2835 nuncupato..
2934 2767 2998 2818 In

988 2858 1194 2910 Psalm.
1240 2856 1412 2908 Instr.
1448 2858 1499 2905 7.
2880 2889 2913 2914 „

848 2946 1073 3001 Pascha
1256 2949 1320 2996 ut
1353 2959 1488 2996 cum
1531 2959 1599 2996 eo
1628 2944 1908 3010 pascha...
1939 2959 2270 3013 przrparare
2308 2943 2664 2997 sciremus..
2702 2945 2764 2995 In
2796 2944 2995 2996 Matth.

993 3039 1080 3101 30,
1113 3038 1162 3086 1.
1193 3034 1346 3086 Tert.

849 3123 1185 3179 Pharisaeus
1369 3122 1555 3175 altera
1611 3121 1881 3190 (vocatio)
1928 3138 2034 3190 per
2079 3121 2380 3191 apostolos
2413 3124 2890 3190 pharisaeorum...
2933 3125 3000 3176 In

995 3212 1220 3277 Matth„
1254 3215 1342 3274 20,
1369 3215 1453 3263 11.
2713 3211 2714 3214 ’

849 3303 1003 3358 Raca
1182 3316 1313 3352 raca
1342 3299 1648 3353 vacuitatis
1680 3299 2064 3369 opprobrium
2098 3304 2251 3353 est...
2286 3303 2346 3353 [η
2375 3301 2598 3367 ΜαιίΙι.,
2633 3302 2685 3368 4,
2734 3306 2817 3354 17.

850 3390 1117 3445 Sabaoth
1302 3388 1425 3441 viso
1455 3388 1703 3441 Domino
1736 3388 1987 3455 sabaoth,
2025 3388 2205 3441 lsaias
2237 3390 2634 3457 proedicanS...
2671 3391 2743 3442 De
2772 3391 2995 3456 Trinit.,

996 3481 1085 3544 VI,
1117 3482 1204 3532 20.
1240 3480 1394 3531 Tert.
1671 3526 1678 3533 .
2289 3479 2292 3482 ’
2762 3534 2766 3538 ,

851 3569 1102 3624 Satanas
1285 3572 1340 3620 et
1369 3573 1597 3620 satanas
1632 3567 1841 3620 Petrus
1875 3572 1932 3619 et
1976 3565 2322 3620 scandalum
2364 3572 2516 3621 est...
2578 3569 2647 3619 De
2684 3569 2905 3633 Triuia,
2933 3567 2999 3632 X,

995 3662 1080 3710 27.
1126 3658 1280 3710 Tert.
1814 3711 1819 3717 ,
1900 3658 1905 3663 ’

849 3746 1085 3801 Zizania
1266 3745 1476 3814 quid...
1538 3745 1733 3798 tritico
1785 3745 2077 3798 urendam
2127 3747 2396 3798 zizaniam
2443 3751 2603 3799 sator
2659 3751 2993 3799 nocturnus

996 3835 1302 3888 interseris
1321 3834 1414 3888 ·?..
1450 3836 1525 3887 De
1554 3836 1779 3899 Triuia,
1805 3835 1869 3899 V,
1898 3837 1965 3886 23
1993 3833 2100 3904 (Cf.
2143 3834 2366 3903 Gaelzer,
2402 3851 2457 3903 p.
2492 3839 2589 3889 281
2616 3852 2628 3900 ;
2659 3866 2726 3873 -—-
2751 3834 2998 3899 Romscli,

996 3942 1050 3993 p.
1080 3924 1223 3993 247).

934 4098 1048 4158 His
1094 4097 1254 4159 adde
1286 4098 1663 4159 vocabulum
1701 4098 2038 4177 paradisus
2068 4118 2101 4157 e
2145 4099 2396 4179 persico
2426 4099 2735 4159 vocabulo
2772 4097 3005 4159 deduc-

855 4206 1013 4257 tum.
