3371 4999
1421 931 1707 999 CAPUT
1759 932 2160 1014 QUINTUM

1599 1145 1689 1207 DE
1734 1146 1965 1211 VERBO

1679 1363 1875 1380 —

1430 1603 1476 1663 I.
1524 1637 1600 1648 —
1643 1604 1725 1666 De
1767 1622 1891 1665 usu
1934 1621 2157 1666 vocum

807 1752 866 1808 1ο
912 1747 1053 1808 Duo
1083 1747 1275 1808 verba
1302 1748 1509 1810 activa
1536 1749 1663 1810 vim
1695 1751 2079 1811 neutralium
2106 1751 2364 1814 habent.

735 1873 1041 1942 fumigare
1223 1873 1284 1927 in
1336 1889 1402 1927 eo
1457 1878 1653 1928 autem
1706 1875 1863 1943 quod
1918 1877 2055 1930 tacti
2109 1881 2341 1931 montes
2392 1880 2741 1947 fumiyant...
2793 1882 2860 1933 In

862 1963 1063 2015 Psalm.
1097 1965 1216 2031 143,
1253 1966 1336 2016 11.

733 2051 1144 2107 Scandalizare
1324 2053 1532 2106 Petrus
1558 2054 1885 2123 respondit,
1918 2038 2132 2110 ceteris
2162 2055 2301 2111 licet
2330 2058 2858 2123 scanclalizantibu8‚

866 2158 1177 2211 nunquam
1205 2158 1266 2195 se
1295 2143 1878 2197 scandalizaturum...
1909 2146 1977 2198 In
2003 2147 2226 2210 Matth„
2258 2149 2343 2214 30,
2373 2150 2424 2200 3.

810 2279 1120 2361 (Verbum
1153 2283 1623 2353 scandalizare,
1659 2279 1935 2341 activum
1966 2290 2065 2342 est
2093 2282 2261 2362 apud
2288 2282 2635 2364 scriptores
2666 2285 2861 2346 eccle-

721 2379 1066 2460 siasticos)

802 2477 1085 2541 Verbum
1116 2497 1308 2545 veneo
1339 2478 1507 2561 quod
1535 2478 1704 2560 apud
1735 2479 2012 2561 optimos
2058 2479 2404 2562 scriptores
2439 2480 2712 2543 activam
2741 2481 2863 2543 for-

726 2596 916 2653 mam,
951 2580 1274 2660 passivam
1304 2588 1518 2639 autem
1547 2578 1676 2638 vim
1704 2579 1916 2670 habet,
1952 2580 2227 2639 activum
2256 2580 2428 2640 omni
2456 2601 2531 2640 ex
2561 2589 2741 2661 parte
2766 2589 2864 2641 est

728 2676 895 2757 apud
931 2676 996 2736 S.
1033 2677 1367 2750 Hilarium,
1403 2685 1465 2737 et
1493 2676 1660 2736 idem
1693 2697 1766 2737 ac
1796 2678 2065 2740 vendere
2094 2677 2325 2738 valet⁴.

978 2794 1077 2863 qui
1110 2794 1290 2865 igitur
1320 2793 1469 2848 duos
1491 2809 1758 2863 passeres
1784 2801 2043 2863 veneunt,
2073 2811 2134 2848 se
2161 2795 2320 2864 ipsos
2345 2800 2584 2864 peccato
2617 2795 2864 2851 minimo

941 2891 1269 2936 veneunt...
1303 2885 1369 2935 In
1399 2883 1622 2950 Matth„
1661 2886 1744 2951 10,
1781 2886 1867 2937 18.

985 2971 1228 3042 pretiosi
1260 2972 1554 3041 unguenti
1595 2972 1780 3025 effuso
1834 2972 2126 3027 alabastro
2166 2978 2531 3042 conquestus
2579 2976 2686 3039 est,
2733 2978 2865 3027 tan-

941 3077 1120 3130 quam
1152 3061 1213 3115 id
1244 3061 1428 3132 magis
1458 3060 1669 3115 veniri2
1697 3061 1759 3115 in
1791 3066 2091 3132 sumptum
2122 3060 2368 3132 inopum
2400 3060 2770 3116 debuisset...
2799 3064 2865 3115 In

932 3150 1134 3202 Psalm.
1173 3152 1257 3218 54,
1294 3153 1374 3202 17.

804 3291 866 3347 2⁰
911 3287 1061 3347 Tria
1090 3288 1285 3348 verba
1316 3286 1651 3360 neutralia,
1685 3288 1812 3348 vim
1843 3288 2192 3348 activorum
2219 3288 2475 3348 habent.

728 3414 909 3482 Egere
1089 3427 1264 3465 nemo
1298 3411 1458 3465 enim
1506 3410 1652 3464 nihil
1701 3412 1813 3466 hoc
1851 3411 1998 3481 quod
2026 3418 2146 3478 eqet
2175 3411 2497 3480 postulat...
2532 3414 2608 3465 De
2641 3413 2859 3478 Trinit„

862 3501 956 3566 111,
988 3500 1105 3553 123.

729 3592 933 3647 Pluere
1117 3606 1249 3643 cum
1281 3592 1491 3656 fontem
1519 3596 1688 3660 petra
1715 3592 1948 3658 fluxit...
1972 3592 2038 3643 In
2064 3592 2265 3645 Psalm.
2297 3594 2382 3661 51,
2419 3594 2502 3645 19.

732 3680 832 3735 Uti
1012 3679 1308 3733 excedens
1335 3678 1446 3732 hoc
1473 3679 1806 3749 quodmale
1832 3696 1963 3733 usus
1980 3682 2237 3747 fuerat...
2268 3682 2334 3733 In
2357 3682 2563 3734 Psalm.
2596 3684 2716 3747 122,
2739 3679 2856 3734 11⁴.

795 3829 856 3885 3⁰
900 3824 1183 3887 Verbum
1215 3824 1540 3906 deponens
1570 3825 1904 3904 speculari,
1941 3825 2067 3884 vim
2094 3826 2333 3906 passivi
2357 3826 2571 3888 habet.

779 4027 823 4072 1.
861 4023 936 4072 Cf.
966 4025 1156 4082 Plaut„
1185 4024 1398 4086 Fraym.
1431 4000 1586 4086 apud⁴
1614 4026 1759 4073 Diom
1779 4044 1798 4085 ,·
1824 4054 1884 4062 -
1906 4027 2115 4075 Freund
2145 4028 2362 4091 (veneo).

774 4097 819 4142 2.
858 4095 1107 4158 Inscript.
1139 4095 1316 4153 Orell.,
1353 4106 1411 4143 n⁰
1436 4098 1573 4144 4388.

777 4168 822 4216 3.
860 4167 1053 4226 Plaut.,
1081 4165 1335 4226 Meneclz.,
1362 4168 1400 4220 l.
1433 4171 1477 4226 2,
1507 4171 1583 4216 12.

781 4241 827 4289 4.
865 4238 941 4287 Cf.
970 4238 1255 4299 Riemann,
1286 4241 1388 4301 {31
1420 4239 1483 4302 (1)
1511 4254 1562 4302 p.
1592 4241 1678 4300 63;
1708 4269 1762 4277 -
1791 4242 2018 4305 Draeger,
2047 4242 2218 4305 Synt„
2248 4244 2286 4304 Ι,
2315 4244 2422 4290 568.
