<?xml version="1.0" encoding="UTF-8"?>
<!DOCTYPE html PUBLIC "-//W3C//DTD XHTML 1.0 Transitional//EN"
    "http://www.w3.org/TR/xhtml1/DTD/xhtml1-transitional.dtd">
<html xmlns="http://www.w3.org/1999/xhtml" xml:lang="en" lang="en">
 <head>
  <title>
</title>
<meta http-equiv="Content-Type" content="text/html;charset=utf-8" />
  <meta name='ocr-system' content='tesseract 3.04.00' />
  <meta name='ocr-capabilities' content='ocr_page ocr_carea ocr_par ocr_line ocrx_word'/>
</head>
<body>
  <div class='ocr_page' id='page_1' title='image "./quomodolatinali01quilgoog_0076.png"; bbox 0 0 3371 4999; ppageno 0'>
   <div class='ocr_carea' id='block_1_1' title="bbox 1687 431 2023 485">
    <p class='ocr_par' dir='ltr' id='par_1_1' title="bbox 1687 431 2023 485">
     <span class='ocr_line' id='line_1_1' title="bbox 1687 431 2023 485; baseline 0.003 -19"><span class='ocrx_word' id='word_1_1' title='bbox 1687 431 2023 485; x_wconf 75' lang='lat'>—52—</span> 
     </span>
    </p>
   </div>
   <div class='ocr_carea' id='block_1_2' title="bbox 728 576 2940 4069">
    <p class='ocr_par' dir='ltr' id='par_1_2' title="bbox 781 576 2932 782">
     <span class='ocr_line' id='line_1_2' title="bbox 867 576 2932 670; baseline 0.001 -28"><span class='ocrx_word' id='word_1_2' title='bbox 867 576 1314 668; x_wconf 73' lang='lat' dir='ltr'>Anzpliibolus</span> <span class='ocrx_word' id='word_1_3' title='bbox 1354 602 1519 649; x_wconf 83' lang='lat' dir='ltr'>vero</span> <span class='ocrx_word' id='word_1_4' title='bbox 1569 581 1872 670; x_wconf 89' lang='lat' dir='ltr'>speciem</span> <span class='ocrx_word' id='word_1_5' title='bbox 1922 579 2148 648; x_wconf 86' lang='lat' dir='ltr'>reddit</span> <span class='ocrx_word' id='word_1_6' title='bbox 2180 579 2505 650; x_wconf 78' lang='lat' dir='ltr'>vocabuli</span> <span class='ocrx_word' id='word_1_7' title='bbox 2546 578 2932 670; x_wconf 76' lang='lat' dir='ltr'>amphima-</span> 
     </span>
     <span class='ocr_line' id='line_1_3' title="bbox 781 690 1301 782; baseline 0.012 -27"><span class='ocrx_word' id='word_1_8' title='bbox 781 711 933 756; x_wconf 80' lang='lat' dir='ltr'>crus</span> <span class='ocrx_word' id='word_1_9' title='bbox 976 690 1301 782; x_wconf 85' lang='lat' dir='ltr'>(Quint.).</span> 
     </span>
    </p>

    <p class='ocr_par' dir='ltr' id='par_1_3' title="bbox 775 803 2933 1325">
     <span class='ocr_line' id='line_1_4' title="bbox 867 803 2932 898; baseline 0.001 -28"><span class='ocrx_word' id='word_1_10' title='bbox 867 803 1065 885; x_wconf 87' lang='lat' dir='ltr'>Quod</span> <span class='ocrx_word' id='word_1_11' title='bbox 1113 805 1199 873; x_wconf 85' lang='lat' dir='ltr'>ad</span> <span class='ocrx_word' id='word_1_12' title='bbox 1250 805 1465 875; x_wconf 86' lang='lat' dir='ltr'>verba</span> <span class='ocrx_word' id='word_1_13' title='bbox 1523 813 1809 898; x_wconf 84' lang='lat' dir='ltr'>spectat,</span> <span class='ocrx_word' id='word_1_14' title='bbox 1865 831 2089 875; x_wconf 91' lang='lat' dir='ltr'>unum</span> <span class='ocrx_word' id='word_1_15' title='bbox 2153 813 2432 874; x_wconf 89' lang='lat' dir='ltr'>tantum</span> <span class='ocrx_word' id='word_1_16' title='bbox 2487 829 2570 874; x_wconf 90' lang='lat' dir='ltr'>ex</span> <span class='ocrx_word' id='word_1_17' title='bbox 2625 805 2932 895; x_wconf 82' lang='lat' dir='ltr'>simplici</span> 
     </span>
     <span class='ocr_line' id='line_1_5' title="bbox 777 917 2933 1011; baseline 0.001 -27"><span class='ocrx_word' id='word_1_18' title='bbox 777 917 1116 985; x_wconf 81' lang='lat' dir='ltr'>vocabulo</span> <span class='ocrx_word' id='word_1_19' title='bbox 1157 918 1545 1003; x_wconf 79' lang='lat' dir='ltr'>deducitur,</span> <span class='ocrx_word' id='word_1_20' title='bbox 1600 943 1855 1010; x_wconf 90' lang='lat' dir='ltr'>nempe</span> <span class='ocrx_word' id='word_1_21' title='bbox 1892 934 2307 1011; x_wconf 82' lang='lat' dir='ltr'>paupertare</span> <span class='ocrx_word' id='word_1_22' title='bbox 2334 944 2363 1005; x_wconf 88' lang='lat'><em>;</em></span> <span class='ocrx_word' id='word_1_23' title='bbox 2411 921 2598 1010; x_wconf 93' lang='lat' dir='ltr'>quod</span> <span class='ocrx_word' id='word_1_24' title='bbox 2638 921 2769 987; x_wconf 85' lang='lat' dir='ltr'>rite</span> <span class='ocrx_word' id='word_1_25' title='bbox 2814 921 2933 987; x_wconf 87' lang='lat' dir='ltr'>fic-</span> 
     </span>
     <span class='ocr_line' id='line_1_6' title="bbox 775 1032 2932 1125; baseline 0.002 -29"><span class='ocrx_word' id='word_1_26' title='bbox 775 1036 927 1098; x_wconf 91' lang='lat' dir='ltr'>tum</span> <span class='ocrx_word' id='word_1_27' title='bbox 964 1039 1092 1115; x_wconf 87' lang='lat' dir='ltr'>est,</span> <span class='ocrx_word' id='word_1_28' title='bbox 1139 1038 1377 1124; x_wconf 81' lang='lat' dir='ltr'>utpote</span> <span class='ocrx_word' id='word_1_29' title='bbox 1433 1033 1813 1102; x_wconf 90' lang='lat' dir='ltr'>deductum</span> <span class='ocrx_word' id='word_1_30' title='bbox 1852 1057 1934 1101; x_wconf 86' lang='lat' dir='ltr'>ex</span> <span class='ocrx_word' id='word_1_31' title='bbox 1975 1034 2316 1124; x_wconf 84' lang='lat' dir='ltr'>adjectivo</span> <span class='ocrx_word' id='word_1_32' title='bbox 2343 1057 2641 1125; x_wconf 78' lang='lat' dir='ltr'><strong><em>pauper,</em></strong></span> <span class='ocrx_word' id='word_1_33' title='bbox 2686 1032 2932 1102; x_wconf 90' lang='lat' dir='ltr'>eodem</span> 
     </span>
     <span class='ocr_line' id='line_1_7' title="bbox 780 1143 2932 1238; baseline 0.002 -28"><span class='ocrx_word' id='word_1_34' title='bbox 780 1143 984 1212; x_wconf 93' lang='lat' dir='ltr'>modo</span> <span class='ocrx_word' id='word_1_35' title='bbox 1021 1169 1159 1235; x_wconf 92' lang='lat' dir='ltr'>quo</span> <span class='ocrx_word' id='word_1_36' title='bbox 1213 1146 1571 1215; x_wconf 85' lang='lat' dir='ltr'>debilitare</span> <span class='ocrx_word' id='word_1_37' title='bbox 1629 1148 1859 1238; x_wconf 61' lang='lat' dir='ltr'>(Cic),</span> <span class='ocrx_word' id='word_1_38' title='bbox 1905 1171 1988 1215; x_wconf 88' lang='lat' dir='ltr'>ex</span> <span class='ocrx_word' id='word_1_39' title='bbox 2036 1147 2376 1237; x_wconf 88' lang='lat' dir='ltr'>adjectivo</span> <span class='ocrx_word' id='word_1_40' title='bbox 2426 1147 2674 1223; x_wconf 58' lang='lat' dir='ltr'>debilis,</span> <span class='ocrx_word' id='word_1_41' title='bbox 2713 1147 2932 1215; x_wconf 86' lang='lat' dir='ltr'>dedu—</span> 
     </span>
     <span class='ocr_line' id='line_1_8' title="bbox 775 1257 979 1325; baseline 0.01 -2"><span class='ocrx_word' id='word_1_42' title='bbox 775 1257 979 1325; x_wconf 87' lang='lat' dir='ltr'>citur.</span> 
     </span>
    </p>

    <p class='ocr_par' dir='ltr' id='par_1_4' title="bbox 728 1371 2932 2598">
     <span class='ocr_line' id='line_1_9' title="bbox 863 1371 2931 1464; baseline 0.001 -25"><span class='ocrx_word' id='word_1_43' title='bbox 863 1371 1104 1439; x_wconf 86' lang='lat' dir='ltr'>Cetera</span> <span class='ocrx_word' id='word_1_44' title='bbox 1152 1379 1387 1441; x_wconf 84' lang='lat' dir='ltr'>autem</span> <span class='ocrx_word' id='word_1_45' title='bbox 1441 1372 1715 1441; x_wconf 90' lang='lat' dir='ltr'>duobus</span> <span class='ocrx_word' id='word_1_46' title='bbox 1770 1374 2133 1443; x_wconf 83' lang='lat' dir='ltr'>v0cabulis</span> <span class='ocrx_word' id='word_1_47' title='bbox 2199 1381 2566 1457; x_wconf 80' lang='lat' dir='ltr'>constant3</span> <span class='ocrx_word' id='word_1_48' title='bbox 2631 1397 2931 1464; x_wconf 88' lang='lat' dir='ltr'>quorum</span> 
     </span>
     <span class='ocr_line' id='line_1_10' title="bbox 776 1484 2932 1576; baseline 0.001 -23"><span class='ocrx_word' id='word_1_49' title='bbox 776 1484 914 1553; x_wconf 87' lang='lat' dir='ltr'>alia</span> <span class='ocrx_word' id='word_1_50' title='bbox 947 1486 1261 1552; x_wconf 85' lang='lat' dir='ltr'>confecta</span> <span class='ocrx_word' id='word_1_51' title='bbox 1293 1492 1458 1553; x_wconf 89' lang='lat' dir='ltr'>sunt</span> <span class='ocrx_word' id='word_1_52' title='bbox 1488 1510 1523 1554; x_wconf 90' lang='lat' dir='ltr'>e</span> <span class='ocrx_word' id='word_1_53' title='bbox 1556 1487 1921 1555; x_wconf 91' lang='lat' dir='ltr'>vocabulis</span> <span class='ocrx_word' id='word_1_54' title='bbox 1956 1489 2028 1553; x_wconf 91' lang='lat' dir='ltr'>in</span> <span class='ocrx_word' id='word_1_55' title='bbox 2062 1486 2319 1576; x_wconf 92' lang='lat' dir='ltr'>quibus</span> <span class='ocrx_word' id='word_1_56' title='bbox 2350 1510 2438 1554; x_wconf 89' lang='lat' dir='ltr'>ne</span> <span class='ocrx_word' id='word_1_57' title='bbox 2470 1510 2610 1554; x_wconf 87' lang='lat' dir='ltr'>una</span> <span class='ocrx_word' id='word_1_58' title='bbox 2645 1487 2932 1576; x_wconf 90' lang='lat' dir='ltr'>quidem</span> 
     </span>
     <span class='ocr_line' id='line_1_11' title="bbox 774 1598 2925 1690; baseline 0.002 -26"><span class='ocrx_word' id='word_1_59' title='bbox 774 1604 1046 1666; x_wconf 85' lang='lat' dir='ltr'>mutata</span> <span class='ocrx_word' id='word_1_60' title='bbox 1094 1598 1329 1667; x_wconf 87' lang='lat' dir='ltr'>littera</span> <span class='ocrx_word' id='word_1_61' title='bbox 1381 1606 1509 1682; x_wconf 90' lang='lat' dir='ltr'>est,</span> <span class='ocrx_word' id='word_1_62' title='bbox 1572 1621 1874 1690; x_wconf 85' lang='lat' dir='ltr'>nempe:</span> <span class='ocrx_word' id='word_1_63' title='bbox 1927 1600 2351 1680; x_wconf 79' lang='lat' dir='ltr'>adblandiri,</span> <span class='ocrx_word' id='word_1_64' title='bbox 2413 1600 2925 1683; x_wconf 66' lang='lat' dir='ltr'>circumsaevire,</span> 
     </span>
     <span class='ocr_line' id='line_1_12' title="bbox 772 1712 2928 1802; baseline 0 -23"><span class='ocrx_word' id='word_1_65' title='bbox 772 1712 1408 1802; x_wconf 77' lang='lat' dir='ltr'>circumsplendere,</span> <span class='ocrx_word' id='word_1_66' title='bbox 1463 1713 1915 1795; x_wconf 84' lang='lat' dir='ltr'>indemutare,</span> <span class='ocrx_word' id='word_1_67' title='bbox 1976 1712 2529 1798; x_wconf 80' lang='lat' dir='ltr'>subsecundare;</span> <span class='ocrx_word' id='word_1_68' title='bbox 2571 1714 2710 1780; x_wconf 88' lang='lat' dir='ltr'>alia</span> <span class='ocrx_word' id='word_1_69' title='bbox 2760 1736 2928 1780; x_wconf 86' lang='lat' dir='ltr'>vero</span> 
     </span>
     <span class='ocr_line' id='line_1_13' title="bbox 772 1826 2925 1917; baseline 0.001 -25"><span class='ocrx_word' id='word_1_70' title='bbox 772 1830 1097 1893; x_wconf 77' lang='lat' dir='ltr'>constant</span> <span class='ocrx_word' id='word_1_71' title='bbox 1137 1849 1304 1895; x_wconf 89' lang='lat' dir='ltr'>voce</span> <span class='ocrx_word' id='word_1_72' title='bbox 1337 1826 1487 1915; x_wconf 86' lang='lat' dir='ltr'>jam</span> <span class='ocrx_word' id='word_1_73' title='bbox 1528 1828 1890 1894; x_wconf 73' lang='lat' dir='ltr'>usitata-et</span> <span class='ocrx_word' id='word_1_74' title='bbox 1925 1828 2424 1917; x_wconf 73' lang='lat' dir='ltr'>praepositione</span> <span class='ocrx_word' id='word_1_75' title='bbox 2464 1850 2618 1893; x_wconf 85' lang='lat' dir='ltr'>cum</span> <span class='ocrx_word' id='word_1_76' title='bbox 2655 1833 2925 1895; x_wconf 83' lang='lat' dir='ltr'>mutata</span> 
     </span>
     <span class='ocr_line' id='line_1_14' title="bbox 774 1939 2921 2029; baseline 0.001 -24"><span class='ocrx_word' id='word_1_77' title='bbox 774 1940 847 2005; x_wconf 91' lang='lat' dir='ltr'>in</span> <span class='ocrx_word' id='word_1_78' title='bbox 886 1962 987 2020; x_wconf 84' lang='lat' dir='ltr'>ce,</span> <span class='ocrx_word' id='word_1_79' title='bbox 1024 1962 1174 2022; x_wconf 86' lang='lat' dir='ltr'>con,</span> <span class='ocrx_word' id='word_1_80' title='bbox 1206 1941 1317 2007; x_wconf 90' lang='lat' dir='ltr'>vel</span> <span class='ocrx_word' id='word_1_81' title='bbox 1346 1939 1753 2029; x_wconf 75' lang='lat' dir='ltr'>praeverbiis</span> <span class='ocrx_word' id='word_1_82' title='bbox 1794 1964 1863 2007; x_wconf 90' lang='lat' dir='ltr'>re</span> <span class='ocrx_word' id='word_1_83' title='bbox 1901 1946 1968 2007; x_wconf 90' lang='lat' dir='ltr'>et</span> <span class='ocrx_word' id='word_1_84' title='bbox 1999 1940 2129 2022; x_wconf 69' lang='lat' dir='ltr'>dis,</span> <span class='ocrx_word' id='word_1_85' title='bbox 2168 1962 2423 2028; x_wconf 80' lang='lat' dir='ltr'>nempe</span> <span class='ocrx_word' id='word_1_86' title='bbox 2456 1961 2469 2006; x_wconf 92' lang='lat'>:</span> <span class='ocrx_word' id='word_1_87' title='bbox 2506 1939 2921 2024; x_wconf 69' lang='lat' dir='ltr'>coexsulare,</span> 
     </span>
     <span class='ocr_line' id='line_1_15' title="bbox 769 2052 2921 2144; baseline 0 -25"><span class='ocrx_word' id='word_1_88' title='bbox 769 2053 1268 2143; x_wconf 74' lang='lat' dir='ltr'>coimaqinare,</span> <span class='ocrx_word' id='word_1_89' title='bbox 1352 2077 1810 2134; x_wconf 66' lang='lat' dir='ltr'>commen-ere,</span> <span class='ocrx_word' id='word_1_90' title='bbox 1893 2076 2283 2144; x_wconf 84' lang='lat' dir='ltr'>concapere,</span> <span class='ocrx_word' id='word_1_91' title='bbox 2367 2052 2921 2137; x_wconf 77' lang='lat' dir='ltr'>condescendere,</span> 
     </span>
     <span class='ocr_line' id='line_1_16' title="bbox 772 2166 2928 2258; baseline 0.001 -26"><span class='ocrx_word' id='word_1_92' title='bbox 772 2167 1216 2256; x_wconf 73' lang='lat' dir='ltr'>conqiqnere,</span> <span class='ocrx_word' id='word_1_93' title='bbox 1291 2190 1845 2257; x_wconf 72' lang='lat' dir='ltr'>connuncupare,</span> <span class='ocrx_word' id='word_1_94' title='bbox 1919 2166 2380 2258; x_wconf 78' lang='lat' dir='ltr'>reprovehere,</span> <span class='ocrx_word' id='word_1_95' title='bbox 2444 2166 2928 2257; x_wconf 78' lang='lat' dir='ltr'>disproficere;</span> 
     </span>
     <span class='ocr_line' id='line_1_17' title="bbox 728 2279 2921 2370; baseline 0 -24"><span class='ocrx_word' id='word_1_96' title='bbox 728 2281 958 2369; x_wconf 63' lang='lat' dir='ltr'>*quod</span> <span class='ocrx_word' id='word_1_97' title='bbox 1019 2281 1308 2369; x_wconf 88' lang='lat' dir='ltr'>optimis</span> <span class='ocrx_word' id='word_1_98' title='bbox 1366 2280 1827 2370; x_wconf 81' lang='lat' dir='ltr'>scriptoribus</span> <span class='ocrx_word' id='word_1_99' title='bbox 1893 2279 2263 2368; x_wconf 84' lang='lat' dir='ltr'>probatum</span> <span class='ocrx_word' id='word_1_100' title='bbox 2334 2302 2497 2346; x_wconf 84' lang='lat' dir='ltr'>sane</span> <span class='ocrx_word' id='word_1_101' title='bbox 2561 2280 2758 2348; x_wconf 85' lang='lat' dir='ltr'>foret.</span> <span class='ocrx_word' id='word_1_102' title='bbox 2822 2279 2921 2347; x_wconf 89' lang='lat' dir='ltr'>Cf.</span> 
     </span>
     <span class='ocr_line' id='line_1_18' title="bbox 771 2393 2926 2477; baseline 0.001 -18"><span class='ocrx_word' id='word_1_103' title='bbox 771 2417 1088 2475; x_wconf 84' lang='lat' dir='ltr'>coemere,</span> <span class='ocrx_word' id='word_1_104' title='bbox 1119 2395 1323 2475; x_wconf 88' lang='lat' dir='ltr'>coire,</span> <span class='ocrx_word' id='word_1_105' title='bbox 1362 2394 1818 2477; x_wconf 75' lang='lat' dir='ltr'>cohonestare,</span> <span class='ocrx_word' id='word_1_106' title='bbox 1852 2393 2216 2474; x_wconf 72' lang='lat' dir='ltr'>cohortari,</span> <span class='ocrx_word' id='word_1_107' title='bbox 2263 2393 2716 2477; x_wconf 85' lang='lat' dir='ltr'>conclamare,</span> <span class='ocrx_word' id='word_1_108' title='bbox 2766 2417 2926 2462; x_wconf 89' lang='lat' dir='ltr'>con-</span> 
     </span>
     <span class='ocr_line' id='line_1_19' title="bbox 775 2507 2195 2598; baseline -0.001 -24"><span class='ocrx_word' id='word_1_109' title='bbox 775 2530 1079 2598; x_wconf 79' lang='lat' dir='ltr'>coquere,</span> <span class='ocrx_word' id='word_1_110' title='bbox 1127 2507 1548 2597; x_wconf 73' lang='lat' dir='ltr'>disjunqere,</span> <span class='ocrx_word' id='word_1_111' title='bbox 1595 2508 1977 2597; x_wconf 82' lang='lat' dir='ltr'>reprobare,</span> <span class='ocrx_word' id='word_1_112' title='bbox 2013 2521 2195 2574; x_wconf 84' lang='lat' dir='ltr'>etc...</span> 
     </span>
    </p>

    <p class='ocr_par' dir='ltr' id='par_1_5' title="bbox 773 2619 2931 2937">
     <span class='ocr_line' id='line_1_20' title="bbox 861 2619 2930 2709; baseline -0.001 -22"><span class='ocrx_word' id='word_1_113' title='bbox 861 2621 1252 2689; x_wconf 86' lang='lat' dir='ltr'>Occurrunt.</span> <span class='ocrx_word' id='word_1_114' title='bbox 1292 2622 1508 2688; x_wconf 87' lang='lat' dir='ltr'>etiam</span> <span class='ocrx_word' id='word_1_115' title='bbox 1549 2622 1687 2688; x_wconf 92' lang='lat' dir='ltr'>duo</span> <span class='ocrx_word' id='word_1_116' title='bbox 1736 2620 1943 2687; x_wconf 86' lang='lat' dir='ltr'>verba</span> <span class='ocrx_word' id='word_1_117' title='bbox 1986 2620 2305 2688; x_wconf 81' lang='lat' dir='ltr'>cadentia</span> <span class='ocrx_word' id='word_1_118' title='bbox 2344 2621 2416 2686; x_wconf 91' lang='lat' dir='ltr'>in</span> <span class='ocrx_word' id='word_1_119' title='bbox 2456 2621 2724 2709; x_wconf 80' lang='lat' dir='ltr'>-ficare,</span> <span class='ocrx_word' id='word_1_120' title='bbox 2773 2619 2930 2685; x_wconf 85' lang='lat' dir='ltr'>dul-</span> 
     </span>
     <span class='ocr_line' id='line_1_21' title="bbox 775 2734 2931 2825; baseline -0 -26"><span class='ocrx_word' id='word_1_121' title='bbox 775 2734 1053 2825; x_wconf 80' lang='lat' dir='ltr'>cificare·</span> <span class='ocrx_word' id='word_1_122' title='bbox 1096 2740 1164 2801; x_wconf 90' lang='lat' dir='ltr'>et</span> <span class='ocrx_word' id='word_1_123' title='bbox 1219 2734 1582 2821; x_wconf 75' lang='lat' dir='ltr'>levijicare,</span> <span class='ocrx_word' id='word_1_124' title='bbox 1628 2756 1783 2823; x_wconf 81' lang='lat' dir='ltr'>quae</span> <span class='ocrx_word' id='word_1_125' title='bbox 1834 2735 2089 2800; x_wconf 89' lang='lat' dir='ltr'>usitato</span> <span class='ocrx_word' id='word_1_126' title='bbox 2148 2754 2342 2800; x_wconf 89' lang='lat' dir='ltr'>more</span> <span class='ocrx_word' id='word_1_127' title='bbox 2396 2734 2711 2800; x_wconf 83' lang='lat' dir='ltr'>confecta</span> <span class='ocrx_word' id='word_1_128' title='bbox 2766 2738 2931 2799; x_wconf 83' lang='lat' dir='ltr'>sunt</span> 
     </span>
     <span class='ocr_line' id='line_1_22' title="bbox 773 2846 2921 2937; baseline -0.002 -21"><span class='ocrx_word' id='word_1_129' title='bbox 773 2847 914 2916; x_wconf 89' lang='lat' dir='ltr'>non</span> <span class='ocrx_word' id='word_1_130' title='bbox 959 2871 1158 2915; x_wconf 90' lang='lat' dir='ltr'>secus</span> <span class='ocrx_word' id='word_1_131' title='bbox 1200 2871 1278 2915; x_wconf 89' lang='lat' dir='ltr'>ac</span> <span class='ocrx_word' id='word_1_132' title='bbox 1319 2847 1702 2937; x_wconf 72' lang='lat' dir='ltr'>laetificare,</span> <span class='ocrx_word' id='word_1_133' title='bbox 1745 2847 1931 2936; x_wconf 36' lang='lat' dir='ltr'>*quod</span> <span class='ocrx_word' id='word_1_134' title='bbox 1976 2848 2159 2935; x_wconf 84' lang='lat' dir='ltr'>apud</span> <span class='ocrx_word' id='word_1_135' title='bbox 2199 2846 2514 2914; x_wconf 89' lang='lat' dir='ltr'>Tullium</span> <span class='ocrx_word' id='word_1_136' title='bbox 2555 2847 2921 2936; x_wconf 81' lang='lat' dir='ltr'>reperitur.</span> 
     </span>
    </p>

    <p class='ocr_par' dir='ltr' id='par_1_6' title="bbox 777 2959 2934 3619">
     <span class='ocr_line' id='line_1_23' title="bbox 866 2959 2930 3051; baseline -0.001 -23"><span class='ocrx_word' id='word_1_137' title='bbox 866 2962 1183 3051; x_wconf 88' lang='lat' dir='ltr'>Denique</span> <span class='ocrx_word' id='word_1_138' title='bbox 1223 2961 1494 3049; x_wconf 87' lang='lat' dir='ltr'>aliquot</span> <span class='ocrx_word' id='word_1_139' title='bbox 1545 2960 1872 3028; x_wconf 85' lang='lat' dir='ltr'>adverbia</span> <span class='ocrx_word' id='word_1_140' title='bbox 1924 2961 2126 3028; x_wconf 87' lang='lat' dir='ltr'>finxit</span> <span class='ocrx_word' id='word_1_141' title='bbox 2165 2961 2235 3027; x_wconf 87' lang='lat' dir='ltr'>S.</span> <span class='ocrx_word' id='word_1_142' title='bbox 2279 2959 2587 3027; x_wconf 87' lang='lat' dir='ltr'>Hilarius</span> <span class='ocrx_word' id='word_1_143' title='bbox 2642 2959 2930 3049; x_wconf 87' lang='lat' dir='ltr'>subjun-</span> 
     </span>
     <span class='ocr_line' id='line_1_24' title="bbox 777 3072 2926 3165; baseline -0.002 -23"><span class='ocrx_word' id='word_1_144' title='bbox 777 3074 1005 3165; x_wconf 80' lang='lat' dir='ltr'>gendo</span> <span class='ocrx_word' id='word_1_145' title='bbox 1047 3088 1149 3141; x_wconf 84' lang='lat' dir='ltr'>ter</span> <span class='ocrx_word' id='word_1_146' title='bbox 1187 3073 1554 3141; x_wconf 91' lang='lat' dir='ltr'>nonnullis</span> <span class='ocrx_word' id='word_1_147' title='bbox 1594 3074 1985 3163; x_wconf 82' lang='lat' dir='ltr'>adjectiviS,</span> <span class='ocrx_word' id='word_1_148' title='bbox 2031 3074 2263 3141; x_wconf 90' lang='lat' dir='ltr'>unde:</span> <span class='ocrx_word' id='word_1_149' title='bbox 2310 3072 2926 3152; x_wconf 75' lang='lat' dir='ltr'>immedicabiliter,</span> 
     </span>
     <span class='ocr_line' id='line_1_25' title="bbox 778 3187 2933 3279; baseline -0.001 -25"><span class='ocrx_word' id='word_1_150' title='bbox 778 3188 1311 3279; x_wconf 74' lang='lat' dir='ltr'>impassibiliter,</span> <span class='ocrx_word' id='word_1_151' title='bbox 1378 3187 1918 3278; x_wconf 76' lang='lat' dir='ltr'>inculpabiliter,</span> <span class='ocrx_word' id='word_1_152' title='bbox 1983 3187 2563 3268; x_wconf 77' lang='lat' dir='ltr'>inenarrabiliter,</span> <span class='ocrx_word' id='word_1_153' title='bbox 2619 3199 2933 3275; x_wconf 81' lang='lat' dir='ltr'>pastora-</span> 
     </span>
     <span class='ocr_line' id='line_1_26' title="bbox 778 3299 2934 3392; baseline -0.001 -24"><span class='ocrx_word' id='word_1_154' title='bbox 778 3303 975 3387; x_wconf 85' lang='lat' dir='ltr'>liter;</span> <span class='ocrx_word' id='word_1_155' title='bbox 1015 3308 1229 3391; x_wconf 87' lang='lat' dir='ltr'>atque</span> <span class='ocrx_word' id='word_1_156' title='bbox 1268 3303 1481 3369; x_wconf 86' lang='lat' dir='ltr'>etiam</span> <span class='ocrx_word' id='word_1_157' title='bbox 1524 3303 1647 3368; x_wconf 92' lang='lat' dir='ltr'>uni</span> <span class='ocrx_word' id='word_1_158' title='bbox 1689 3302 2080 3392; x_wconf 83' lang='lat' dir='ltr'>participiO,</span> <span class='ocrx_word' id='word_1_159' title='bbox 2124 3301 2312 3367; x_wconf 89' lang='lat' dir='ltr'>unde</span> <span class='ocrx_word' id='word_1_160' title='bbox 2340 3300 2823 3391; x_wconf 58' lang='lat' dir='ltr'>proficientem</span> <span class='ocrx_word' id='word_1_161' title='bbox 2863 3299 2934 3365; x_wconf 93' lang='lat' dir='ltr'>id</span> 
     </span>
     <span class='ocr_line' id='line_1_27' title="bbox 777 3415 2929 3503; baseline -0.002 -20"><span class='ocrx_word' id='word_1_162' title='bbox 777 3439 942 3483; x_wconf 88' lang='lat' dir='ltr'>vero</span> <span class='ocrx_word' id='word_1_163' title='bbox 986 3439 1128 3482; x_wconf 92' lang='lat' dir='ltr'>non</span> <span class='ocrx_word' id='word_1_164' title='bbox 1167 3416 1501 3483; x_wconf 88' lang='lat' dir='ltr'>mendose</span> <span class='ocrx_word' id='word_1_165' title='bbox 1543 3416 1806 3483; x_wconf 84' lang='lat' dir='ltr'>factum</span> <span class='ocrx_word' id='word_1_166' title='bbox 1850 3437 2001 3481; x_wconf 91' lang='lat' dir='ltr'>esse</span> <span class='ocrx_word' id='word_1_167' title='bbox 2052 3415 2221 3482; x_wconf 84' lang='lat' dir='ltr'>satis</span> <span class='ocrx_word' id='word_1_168' title='bbox 2271 3415 2718 3503; x_wconf 90' lang='lat' dir='ltr'>perspicuum</span> <span class='ocrx_word' id='word_1_169' title='bbox 2767 3418 2871 3480; x_wconf 88' lang='lat' dir='ltr'>est</span> <span class='ocrx_word' id='word_1_170' title='bbox 2916 3432 2929 3479; x_wconf 90' lang='lat'>:</span> 
     </span>
     <span class='ocr_line' id='line_1_28' title="bbox 778 3530 2123 3619; baseline -0.003 -22"><span class='ocrx_word' id='word_1_171' title='bbox 778 3531 862 3597; x_wconf 87' lang='lat' dir='ltr'>cf.</span> <span class='ocrx_word' id='word_1_172' title='bbox 908 3530 1234 3612; x_wconf 74' lang='lat' dir='ltr'>suaviter,</span> <span class='ocrx_word' id='word_1_173' title='bbox 1270 3531 1576 3619; x_wconf 81' lang='lat' dir='ltr'>fortiter,</span> <span class='ocrx_word' id='word_1_174' title='bbox 1621 3542 1954 3612; x_wconf 81' lang='lat' dir='ltr'>amanter,</span> <span class='ocrx_word' id='word_1_175' title='bbox 2000 3541 2123 3594; x_wconf 80' lang='lat' dir='ltr'>etc.</span> 
     </span>
    </p>

    <p class='ocr_par' dir='ltr' id='par_1_7' title="bbox 732 3642 2940 4069">
     <span class='ocr_line' id='line_1_29' title="bbox 867 3642 2937 3711; baseline -0.002 0"><span class='ocrx_word' id='word_1_176' title='bbox 867 3643 1160 3711; x_wconf 82' lang='lat' dir='ltr'>Summa</span> <span class='ocrx_word' id='word_1_177' title='bbox 1215 3650 1451 3710; x_wconf 84' lang='lat' dir='ltr'>autem</span> <span class='ocrx_word' id='word_1_178' title='bbox 1502 3644 1648 3710; x_wconf 81' lang='lat' dir='ltr'>haec</span> <span class='ocrx_word' id='word_1_179' title='bbox 1697 3644 1887 3710; x_wconf 88' lang='lat' dir='ltr'>erit:</span> <span class='ocrx_word' id='word_1_180' title='bbox 1946 3642 2012 3709; x_wconf 88' lang='lat' dir='ltr'>S.</span> <span class='ocrx_word' id='word_1_181' title='bbox 2069 3642 2379 3708; x_wconf 88' lang='lat' dir='ltr'>Hilarius</span> <span class='ocrx_word' id='word_1_182' title='bbox 2438 3642 2735 3708; x_wconf 87' lang='lat' dir='ltr'>latinum</span> <span class='ocrx_word' id='word_1_183' title='bbox 2799 3663 2937 3707; x_wconf 86' lang='lat' dir='ltr'>ser-</span> 
     </span>
     <span class='ocr_line' id='line_1_30' title="bbox 778 3752 2936 3844; baseline -0.001 -23"><span class='ocrx_word' id='word_1_184' title='bbox 778 3778 1058 3822; x_wconf 86' lang='lat' dir='ltr'>monem</span> <span class='ocrx_word' id='word_1_185' title='bbox 1120 3757 1217 3822; x_wconf 86' lang='lat' dir='ltr'>ita</span> <span class='ocrx_word' id='word_1_186' title='bbox 1293 3757 1489 3823; x_wconf 84' lang='lat' dir='ltr'>auxit</span> <span class='ocrx_word' id='word_1_187' title='bbox 1542 3762 1639 3838; x_wconf 84' lang='lat' dir='ltr'>ut,</span> <span class='ocrx_word' id='word_1_188' title='bbox 1691 3777 1846 3822; x_wconf 88' lang='lat' dir='ltr'>mea</span> <span class='ocrx_word' id='word_1_189' title='bbox 1894 3754 2180 3844; x_wconf 90' lang='lat' dir='ltr'>quidem</span> <span class='ocrx_word' id='word_1_190' title='bbox 2228 3755 2596 3835; x_wconf 86' lang='lat' dir='ltr'>sententia,</span> <span class='ocrx_word' id='word_1_191' title='bbox 2646 3752 2936 3843; x_wconf 88' lang='lat' dir='ltr'>hujusce</span> 
     </span>
     <span class='ocr_line' id='line_1_31' title="bbox 781 3867 2940 3958; baseline -0.001 -24"><span class='ocrx_word' id='word_1_192' title='bbox 781 3869 947 3935; x_wconf 88' lang='lat' dir='ltr'>facti</span> <span class='ocrx_word' id='word_1_193' title='bbox 986 3870 1350 3936; x_wconf 90' lang='lat' dir='ltr'>neminem</span> <span class='ocrx_word' id='word_1_194' title='bbox 1397 3871 1633 3958; x_wconf 83' lang='lat' dir='ltr'>pigere</span> <span class='ocrx_word' id='word_1_195' title='bbox 1688 3867 1975 3950; x_wconf 82' lang='lat' dir='ltr'>debeat3</span> <span class='ocrx_word' id='word_1_196' title='bbox 2026 3869 2288 3934; x_wconf 83' lang='lat' dir='ltr'>etenim</span> <span class='ocrx_word' id='word_1_197' title='bbox 2343 3867 2698 3934; x_wconf 81' lang='lat' dir='ltr'>Hilariana</span> <span class='ocrx_word' id='word_1_198' title='bbox 2736 3888 2940 3934; x_wconf 79' lang='lat' dir='ltr'>voca—</span> 
     </span>
     <span class='ocr_line' id='line_1_32' title="bbox 732 3970 2940 4069; baseline -0.001 -22"><span class='ocrx_word' id='word_1_199' title='bbox 732 3970 737 3977; x_wconf 58' lang='grc'><strong>’</strong></span> <span class='ocrx_word' id='word_1_200' title='bbox 781 3980 948 4047; x_wconf 86' lang='lat' dir='ltr'>bula</span> <span class='ocrx_word' id='word_1_201' title='bbox 988 4005 1129 4048; x_wconf 91' lang='lat' dir='ltr'>non</span> <span class='ocrx_word' id='word_1_202' title='bbox 1194 3990 1380 4066; x_wconf 87' lang='lat' dir='ltr'>suut,</span> <span class='ocrx_word' id='word_1_203' title='bbox 1440 3988 1519 4050; x_wconf 87' lang='lat' dir='ltr'>ut</span> <span class='ocrx_word' id='word_1_204' title='bbox 1558 3984 1651 4049; x_wconf 85' lang='lat' dir='ltr'>ita</span> <span class='ocrx_word' id='word_1_205' title='bbox 1706 3981 1956 4062; x_wconf 89' lang='lat' dir='ltr'>dicam,</span> <span class='ocrx_word' id='word_1_206' title='bbox 2015 3988 2301 4069; x_wconf 85' lang='lat' dir='ltr'>aspectu</span> <span class='ocrx_word' id='word_1_207' title='bbox 2346 3976 2652 4062; x_wconf 86' lang='lat' dir='ltr'>horrida,</span> <span class='ocrx_word' id='word_1_208' title='bbox 2701 3978 2940 4068; x_wconf 79' lang='lat' dir='ltr'>qualia</span> 
     </span>
    </p>
   </div>
   <div class='ocr_carea' id='block_1_3' title="bbox 788 4094 3043 4186">
    <p class='ocr_par' dir='ltr' id='par_1_8' title="bbox 788 4094 3043 4186">
     <span class='ocr_line' id='line_1_33' title="bbox 788 4094 3043 4186; baseline -0.001 -25"><span class='ocrx_word' id='word_1_209' title='bbox 788 4101 954 4161; x_wconf 89' lang='lat' dir='ltr'>sunt</span> <span class='ocrx_word' id='word_1_210' title='bbox 990 4096 1300 4184; x_wconf 85' lang='lat' dir='ltr'>plurima</span> <span class='ocrx_word' id='word_1_211' title='bbox 1331 4120 1369 4163; x_wconf 85' lang='lat' dir='ltr'>a</span> <span class='ocrx_word' id='word_1_212' title='bbox 1400 4096 1830 4163; x_wconf 81' lang='lat' dir='ltr'>Tertulliano</span> <span class='ocrx_word' id='word_1_213' title='bbox 1868 4094 2014 4185; x_wconf 84' lang='lat' dir='ltr'>jam</span> <span class='ocrx_word' id='word_1_214' title='bbox 2058 4101 2217 4162; x_wconf 82' lang='lat' dir='ltr'>aute</span> <span class='ocrx_word' id='word_1_215' title='bbox 2250 4096 2431 4177; x_wconf 83' lang='lat' dir='ltr'>ficta,</span> <span class='ocrx_word' id='word_1_216' title='bbox 2478 4101 2597 4162; x_wconf 86' lang='lat' dir='ltr'>aut</span> <span class='ocrx_word' id='word_1_217' title='bbox 2632 4117 2786 4183; x_wconf 73' lang='lat' dir='ltr'>qua-3·</span> <span class='ocrx_word' id='word_1_218' title='bbox 2820 4115 2941 4183; x_wconf 93' lang='lat' dir='ltr'>po-</span> <span class='ocrx_word' id='word_1_219' title='bbox 3039 4179 3043 4186; x_wconf 16' lang='grc' dir='ltr'>ι</span> 
     </span>
    </p>
   </div>
   <div class='ocr_carea' id='block_1_4' title="bbox 789 4210 1460 4300">
    <p class='ocr_par' dir='ltr' id='par_1_9' title="bbox 789 4210 1460 4300">
     <span class='ocr_line' id='line_1_34' title="bbox 789 4210 1460 4300; baseline 0.003 -25"><span class='ocrx_word' id='word_1_220' title='bbox 789 4211 1047 4276; x_wconf 89' lang='lat' dir='ltr'>sterius</span> <span class='ocrx_word' id='word_1_221' title='bbox 1090 4210 1460 4300; x_wconf 82' lang='lat' dir='ltr'>fingentur.</span> 
     </span>
    </p>
   </div>
  </div>
 </body>
</html>
