3371 4999
1643 437 1984 490 -90-

735 585 1115 676 Scripturae
1157 586 1387 671 libris,
1429 610 1517 656 ne
1557 610 1785 655 unum
1827 587 2110 676 quidem
2143 585 2438 655 verbum
2473 591 2595 654 aut
2632 587 2881 656 saltem

733 700 1155 790 paucissima
1203 701 1673 781 immutandO,
1725 723 1841 769 eas
1877 723 2159 791 quoque
2198 700 2629 791 relinquam.

822 813 923 882 Ita
977 814 1270 883 sublatis
1310 814 1642 883 omnibus
1688 836 1842 904 quae
1896 814 2125 882 aliena
2164 821 2350 896 sunt,
2409 821 2881 905 praeterquam

732 926 919 1018 quod
974 950 1014 995 a
1050 929 1166 996 via
1212 950 1370 996 mea
1407 950 1552 994 non
1592 926 1955 1007 aberrabo,
2014 927 2089 993 in
2129 949 2283 995 eam
2325 950 2519 1017 spem
2579 926 2892 994 adducor

733 1047 810 1108 ut
848 1042 1000 1131 ipsa
1043 1048 1165 1110 aut
1211 1041 1461 1111 saltem
1513 1042 1658 1108 fere
1708 1043 1862 1131 ipsa
1911 1042 2273 1111 Hilariana
2324 1042 2670 1132 scriptura
2718 1047 2888 1110 ante

731 1153 969 1223 oculos
1009 1155 1181 1223 mihi
1212 1160 1561 1223 versetur.

1473 1900 1759 1974 CAPUT
1803 1904 2152 1973 PRIMUM

1638 2129 1729 2191 DE
1770 2128 2049 2191 emman

1716 2313 1906 2325 —

827 2537 1020 2618 Quod
1068 2539 1151 2605 ad
1203 2561 1425 2629 genus
1473 2542 1745 2623 attinet,
1793 2542 1863 2608 S.
1909 2542 2218 2610 Hilarius
2272 2542 2463 2631 justa
2512 2535 2889 2626 reprehen-

739 2649 929 2717 sione
970 2657 1179 2730 caret,
1234 2673 1393 2718 cum
1436 2651 1542 2718 bis
1585 2658 1858 2721 tantum
1901 2679 1940 2722 a
1977 2655 2337 2723 communi
2373 2648 2887 2721 consuetudine

737 2763 1157 2832 discesserit.
2405 2763 2412 2766 ⁴

816 2911 960 2974 Vox
988 2913 1274 2977 feminini
1304 2917 1560 2999 generis
1599 2919 1931 2995 convallis,
1967 2939 2108 3000 quae
2139 2919 2372 3001 plurali
2411 2942 2687 2983 numero
2725 2922 2890 3003 ejus·
2964 2911 2968 2914 ¹

634 3093 641 3098 ο
737 3009 881 3071 dem
915 3013 1169 3093 generis
1208 3022 1307 3074 est
1349 3014 1518 3095 apud
1549 3016 1829 3095 optimos
1861 3017 2233 3098 scriptores,
2266 3019 2340 3079 fit
2369 3019 2664 3081 neutrius
2698 3039 2888 3102 gene-

739 3107 827 3168 ris
859 3108 1029 3188 apud
1059 3109 1125 3171 S.
1162 3111 1498 3174 Hilarium.

986 3245 1110 3300 haec
1149 3248 1427 3302 convallia
1457 3265 1588 3319 quae
1619 3250 1888 3319 aspectui
1923 3256 2124 3305 nostro
2156 3251 2539 3332 subjacent...
2587 3255 2653 3306 1η
2681 3252 2886 3307 Psalm.

951 3336 1038 3400 64,
1067 3337 1151 3389 19.

824 3493 967 3556 Vox
996 3500 1255 3574 sputum
1284 3513 1427 3575 quae
1458 3495 1749 3556 neutrius
1787 3495 2044 3578 generis
2078 3504 2181 3557 est
2217 3495 2385 3578 apud
2418 3495 2789 3558 Petronium
2827 3505 2890 3558 et

741 3591 1025 3667 Celsum,
1060 3591 1130 3651 fit
1159 3591 1497 3653 masculini
1530 3591 1787 3675 generis
1819 3592 1988 3675 apud
2022 3593 2088 3655 S.
2126 3593 2463 3655 Hilarium.

987 3726 1160 3797 cujus
1202 3733 1399 3796 sputus
1438 3732 1496 3780 et
1526 3743 1723 3781 sermo
1771 3732 1986 3782 natura
2039 3729 2307 3798 corporis
2346 3734 2502 3783 est...
2549 3730 2625 3782 De
2662 3729 2885 3798 Trinit.,

950 3817 1016 3884 X,
1047 3819 1137 3870 46.
