3371 4999
1147 849 1429 944 CAPUT
1480 849 1912 932 QUA'RTUM

1259 1058 1348 1120 DE
1379 1054 1789 1120 PARTICIPIO

538 1498 1008 1588 Reperiuntur
1080 1498 1265 1588 apud
1329 1499 1396 1566 S.
1469 1500 1821 1568 Hilarium
1894 1501 2158 1590 aliquot
2234 1501 2601 1591 participia

453 1612 562 1679 vel
594 1611 914 1679 instantis
964 1613 1076 1680 vel
1112 1612 1454 1704 praeteriti
1500 1616 1844 1704 temporis
1910 1638 2065 1704 quae
2127 1622 2290 1682 sunt
2352 1637 2599 1704 parum

453 1728 573 1792 aut
602 1727 898 1793 minime
932 1728 1209 1794 usitata.

532 1886 593 1942 1ο
612 1886 617 1893 ’
634 1881 981 1964 participia
1011 1887 1303 1945 instantis
1331 1885 1663 1966 temporis.

453 2005 672 2060 Nolens
856 1984 1048 2060 nolens
1074 2023 1341 2075 manere,
1372 2008 1452 2062 ita
1473 2009 1619 2062 ait...
1652 2011 1730 2061 De
1753 2010 1976 2073 Trinit„
2021 2009 2113 2075 VI,
2145 1980 2236 2062 48.

451 2094 665 2150 volens
846 2096 1028 2150 volens
1086 2097 1245 2149 enim
1296 2101 1526 2151 naturae
1569 2097 1858 2151 unitatem
1909 2096 1968 2150 in
2011 2098 2182 2150 Patre
2216 2103 2275 2150 et
2319 2096 2464 2151 Filio
2497 2097 2601 2151 do-

595 2200 798 2238 oere...
831 2186 908 2237 De
935 2186 1161 2251 Trz'm't.⁷
1197 2185 1337 2253 VIII,
1367 2188 1458 2239 21.

533 2323 596 2381 2⁰
636 2320 983 2403 participia
1004 2327 1316 2399 praeteriti
1348 2322 1685 2405 temporis,

450 2445 835 2502 Abominatus
866 2446 1069 2517 (paSS.)
1254 2446 1543 2516 percussit
1577 2446 1865 2499 Dominus
1893 2444 2210 2499 Sodomam
2264 2449 2321 2498 et
2352 2445 2598 2499 Gomor-

596 2536 763 2590 rham
809 2535 1032 2590 ultimis
1071 2535 1398 2591 sceleribus
1430 2536 1687 2606 pollutas
1726 2544 1783 2590 et
1815 2536 2239 2604 abominatas...
2275 2538 2343 2589 1η
2390 2536 2595 2589 Psalm.

595 2630 661 2680 68
715 2630 803 2680 22.

449 2669 786 2771 Abscon’sus
959 2732 1066 2770 cur
1106 2720 1306 2770 autem
1342 2715 1459 2771 diei
1497 2716 1748 2770 scientia
1786 2715 2052 2769 absconsa
2097 2716 2175 2769 sit
2214 2730 2334 2768 non
2371 2714 2431 2767 in
2492 2715 2598 2768 oh-

594 2821 768 2859 scuro
811 2811 963 2859 est...
1007 2808 1084 2859 De
1113 2808 1336 2874 Trinit„
1360 2806 1450 2873 IX,
1475 2809 1562 2859 67.

450 2893 780 2962 Absorptus
971 2900 1043 2962 et*
1079 2895 1340 2963 absorpta
1390 2895 1772 2963 corruptione
1818 2909 1890 2946 ex
1948 2892 2185 2946 mortali
2238 2891 2594 2946 immortalis

595 2981 903 3037 exsistat...
937 2985 1003 3035 1η
1037 2983 1234 3037 Psalm.
1271 2984 1392 3046 118,
1429 2985 1515 3049 15,
1551 2985 1604 3037 8.

455 3070 749 3130 clamatus
930 3086 1067 3140 ergo
1104 3087 1266 3125 nunc
1308 3070 1409 3141 qui
1445 3084 1547 3124 ore
1573 3071 1845 3124 clamatus
1884 3073 1992 3135 est,
2026 3068 2319 3132 exaltatur
2348 3068 2456 3123 sub
2489 3068 2598 3122 lin-

595 3175 774 3230 gua...
807 3162 873 3213 Ιη
904 3162 1105 3213 Psalm.
1132 3163 1220 3226 65,
1254 3163 1342 3215 28.

455 3248 712 3304 coalitus
903 3249 1123 3303 resistit
1175 3265 1314 3320 ergo
1353 3250 1575 3304 coalitis
1621 3248 1733 3303 sibi
1793 3253 2019 3302 naturae
2067 3264 2189 3302 suae
2238 3242 2459 3301 vitiis...
2530 3250 2597 3300 1η

596 3339 798 3391 Psalm.
835 3340 1074 3404 118,16‚
1111 3342 1196 3391 17.
1875 3349 1883 3354 ·

368 3449 371 3452 ·
455 3425 896 3495 Contemplatus
1069 3442 1169 3480 eos
1223 3426 1365 3480 visio
1406 3431 1636 3481 tantum
1667 3431 1727 3479 et
1769 3425 2029 3497 dignatio
2061 3425 2445 3497 contemplatae
2478 3440 2599 3477 ma-

589 3515 821 3586 jestatis
842 3515 1203 3570 illuminet...
1239 3518 1306 3568 Ιη
1334 3517 1537 3569 Psalm.
1578 3517 1700 3580 118,
1736 3517 1788 3581 8,
1814 3518 1864 3569 8.
1895 3515 1899 3518 ’

455 3605 859 3673 Ποςθῃθῐειωε
1049 3604 1176 3659 ausi
1244 3610 1385 3658 sunt
1437 3604 1558 3657 ei...
1622 3601 2193 3662 dissimilitudinem.
2246 3601 2591 3668 deqeneratae

596 3695 870 3749 essentiae
899 3692 1190 3749 naturalis
1216 3694 1553 3764 ingerere...
1584 3696 1660 3746 De
1689 3691 1921 3760 Synod„
1949 3694 2037 3744 20.

451 3784 724 3844 Indultus
903 3783 1287 3853 protectionis
1331 3783 1610 3836 meritum
1657 3797 1730 3835 ex
1769 3780 1881 3835 fide
1924 3779 2207 3833 orationIS
2241 3779 2593 3832 indultum...

596 3876 665 3927 In
688 3874 894 3927 Psalm.
937 3877 1025 3939 60.
1050 3875 1102 3926 4.

388 3954 398 3978 '
454 3962 813 4017 Medullatus
992 3966 1057 4016 ut
1082 3978 1155 4015 ex
1180 3960 1351 4015 nobis
1389 3960 1735 4015 holocausta
1763 3959 2077 4013 medullata
2107 3943 2595 4013 consumment...

455 4125 458 4132 ‚
596 4053 663 4104 1η
684 4052 888 4105 Psalm.
923 4054 1011 4118 65,
1043 4053 1131 4104 24.

454 4140 734 4196 Nescitus
915 4139 1186 4210 quaedam
1227 4142 1563 4193 nescitarum
1614 4154 1681 4192 ac
1716 4138 2185 4192 desideratarum
2234 4152 2437 4191 rerum
2473 4152 2599 4190 ma-

599 4231 846 4301 gistra...
875 4232 951 4283 De
973 4231 1199 4297 Trinit„
1232 4229 1350 4297 XII,
1387 4232 1474 4284 45.
