3371 4999
1449 370 1788 422 —37-

543 514 1011 571 irreformabilis
1201 533 1276 571 ne
1331 534 1438 588 per
1480 496 1646 574 testa}
1701 519 2099 590 fragmentum
2150 518 2559 589 irreformabile
2602 538 2699 577 vas

684 610 884 674 posset
910 604 1244 678 intellegi...
1273 609 1339 661 In
1365 610 1568 663 Psalm.
1602 613 1656 676 2,
1687 614 1774 665 39.
1809 613 1962 664 Tert.

622 789 686 844 5⁰
712 781 1046 866 Adjectiva
1069 786 1302 868 quibus
1333 788 1734 870 praeponitur
1761 794 1828 850 in
1858 799 1923 852 et
1952 791 2246 852 cadentia
2275 791 2339 852 in
2373 813 2532 855 -ensu

544 945 928 1015 impaenitens
1099 962 1206 1016 per
1230 948 1665 1015 impaenitentem
1696 947 2060 1003 voluntatem
2096 950 2211 1019 ipsi
2236 967 2298 1005 se
2330 951 2698 1005 constituent

683 1035 1016 1089 urendos...
1041 1037 1106 1089 In
1137 1036 1344 1090 Psalm.
1378 1041 1430 1105 2,
1466 1040 1551 1091 18.
1585 1037 1766 1108 Cypr.
1798 1037 1905 1108 (Cf.
1935 1040 2183 1106 mensch,
2216 1056 2272 1109 p.
2296 1041 2444 1110 225).

541 1123 897 1181 indeficiens
1073 1125 1250 1194 cujus
1282 1126 1598 1194 indeficiens
1626 1127 2039 1182 misericordia
2064 1128 2204 1183 sit...
2245 1131 2311 1182 In
2333 1129 2537 1183 Psalm.
2569 1133 2693 1196 135,

683 1216 733 1266 3.
768 1215 923 1269 'l'ert.
954 1215 1110 1268 Lact.
1141 1213 1250 1285 (Cf.
1274 1216 1511 1283 Goelzer,
1555 1233 1611 1286 p.
1641 1216 1789 1285 162).

541 1301 914 1358 Inoboediens
1085 1305 1187 1374 qui
1216 1305 1608 1359 inoboedientes
1632 1305 1745 1377 legi
1780 1305 1883 1360 Dei
1911 1312 2120 1362 sunt...
2145 1310 2212 1360 In
2241 1308 2445 1361 Psalm.
2477 1310 2597 1375 128,
2633 1310 2685 1360 2.

684 1392 839 1445 Tert.
876 1391 982 1460 (Cf.
1017 1393 1262 1462 Roenseh,
1297 1411 1352 1464 p.
1378 1397 1510 1460 2263
1542 1427 1610 1433 —
1637 1394 1862 1464 Goelzer,
1891 1412 1948 1465 p.
1987 1395 2130 1466 162).

620 1537 684 1595 6⁰
714 1534 1049 1617 Adjeetiva
1079 1536 1314 1618 quibus
1343 1537 1741 1618 praeponitur
1770 1542 1834 1597 in
1866 1546 1929 1599 et
1954 1537 2248 1600 cadentia
2274 1538 2337 1598 in
2368 1542 2478 1598 -i3.

542 1682 887 1738 inanimalis
1051 1684 1369 1738 absorbere
1387 1689 1589 1739 autem
1611 1684 1672 1738 id
1704 1685 1863 1754 quod
1884 1686 2192 1739 inanimale
2222 1690 2377 1740 est...
2399 1688 2464 1739 In
2483 1686 2688 1740 Psalm.

641 1767 644 1770 ’
686 1775 808 1841 123,
844 1774 894 1826 5.
928 1773 1098 1844 Apul.
1137 1773 1241 1844 (Cf.
1276 1774 1504 1843 Goelzer,
1533 1790 1590 1844 p.
1626 1774 1773 1844 145).

541 1861 829 1916 inanimis
1002 1879 1121 1917 non
1164 1863 1242 1916 sit
1280 1863 1460 1918 hebes
1489 1865 1873 1933 inanimisque
1906 1854 2225 1918 materIa...
2256 1865 2333 1917 De
2365 1865 2589 1930 Trinit„
2622 1864 2687 1929 X,

686 1955 772 2005 14.
798 1951 969 2021 Apul.

540 2040 804 2095 infirmis
975 2054 1085 2111 per
1104 2041 1317 2095 anima).
1351 2044 1581 2109 infirmis
1615 2042 2115 2096 admixtionem...
2147 2044 2222 2095 De
2249 2044 2471 2110 Trinit„
2505 2042 2571 2108 X,
2625 2044 2690 2095 14

681 2129 791 2199 (Cf.
825 2131 1072 2199 Roensch,
1101 2147 1156 2200 p.
1187 2132 1332 2201 274).

540 2218 897 2274 insalutaris
1097 2221 1296 2274 tristes
1363 2221 1756 2292 cupiditatum
1834 2222 2233 2275 insalutarium
2293 2220 2556 2275 febres..
2600 2220 2687 2274 'In

679 2309 884 2362 Psalm.
923 2313 1043 2377 118,
1076 2313 1163 2376 13,
1202 2314 1286 2364 11.

536 2397 955 2466 intemporalis
1149 2401 1414 2454 condens
1456 2400 1657 2453 omnia
1695 2400 2081 2468 intemporalis
2134 2399 2569 2454 immensitas..
2612 2401 2687 2453 De

678 2488 903 2552 Trinit.‚
941 2489 1083 2557 VIII,
1114 2490 1200 2544 40.
1236 2487 1404 2559 Apul.
1437 2487 1542 2561 (Cf.
1577 2489 1849 2556 Roenseh.‚
1878 2506 1931 2559 p.
1963 2487 2111 2559 229).

615 2626 676 2682 7⁰
704 2624 1034 2705 Adjectiva
1060 2625 1293 2707 quihus
1324 2627 1719 2708 praeponitur
1748 2630 1814 2685 in
1844 2635 1907 2687 et
1948 2626 2241 2687 cadentia
2272 2626 2335 2685 in
2364 2645 2559 2685 -osus,

533 2772 862 2840 inaquosus
1035 2773 1203 2827 arida
1242 2779 1300 2828 et
1333 2776 1607 2844 inaquosa
1636 2775 1768 2829 loca
1798 2774 2076 2828 circuit...
2109 2777 2177 2827 In
2209 2774 2434 2839 Manli„
2471 2777 2556 2840 12,
2591 2777 2680 2827 21.

676 2862 828 2915 Tert.
859 2862 1033 2931 Cypr.
1067 2862 1174 2932 (Cf.
1203 2863 1451 2927 Roensch,
1481 2880 1537 2933 p.
1573 2867 1670 2917 125
1695 2880 1707 2929 3
1736 2894 1805 2902 —
1836 2863 2062 2931 Goelzer,
2096 2879 2154 2932 p.
2187 2861 2331 2932 149).

533 2949 954 3005 innumerosas
1137 2951 1352 3021 quibus
1381 2952 1459 3005 dii
1491 2951 1693 3022 plures
1722 2957 1863 3007 sunt
1892 2953 2347 3021 innumerosique
2386 2950 2678 3005 domini...

673 3041 741 3092 In
780 3040 986 3093 Psalm.
1023 3043 1146 3108 122,
1181 3044 1232 3094 6.

609 3182 673 3240 8⁰
701 3177 1035 3262 Adjectiva
1059 3181 1293 3263 quibus
1324 3182 1721 3264 praeponitur
1752 3186 1820 3242 in
1850 3190 1913 3243 et
1953 3174 2246 3242 cadentia
2278 3180 2343 3241 in
2367 3201 2523 3241 -sua-

530 3331 884 3386 inexcessus
1056 3333 1199 3401 quia
1230 3333 1367 3386 finis
1395 3332 1709 3403 propositae
1728 3330 2115 3387 beatitudinis
2142 3331 2451 3383 inexcessus
2470 3328 2680 3382 modus

671 3426 826 3474 est...
861 3424 938 3475 De
969 3423 1194 3489 Trinit„
1227 3423 1320 3490 XI,
1353 3426 1441 3477 28.

528 3508 825 3565 inscissus
999 3509 1172 3579 cujus
1211 3510 1468 3580 desuper
1496 3514 1658 3564 texta
1692 3508 1868 3563 vestis
1897 3510 2122 3562 inscissa
2154 3511 2308 3561 est...
2343 3509 2419 3559 De
2450 3507 2675 3574 Trinit.,

669 3599 715 3650 X
772 3600 859 3653 52.

527 3642 876 3743 irremissus
1046 3690 1328 3743 irremissa
1358 3693 1679 3743 consecuta
1720 3686 2094 3757 captivitas..
2127 3687 2193 3737 In
2241 3684 2443 3738 Psalm.
2479 3686 2599 3751 126,
2622 3686 2674 3737 2.

607 3875 671 3932 9⁰
703 3869 1035 3954 Adjectiva
1071 3874 1307 3955 quibus
1343 3873 1739 3956 praeponitur
1769 3877 1835 3932 in
1868 3880 1931 3932 et
1950 3869 2244 3932 cadentia
2276 3869 2337 3929 in
2358 3878 2513 3931 -luS.

529 4020 950 4077 immedicatus
1116 4022 1476 4077 immedicatae
1506 4022 1871 4093 {egritudinis
1892 4020 2182 4092 populosa
2202 4019 2474 4091 contagia
2499 4018 2679 4073 desae-

672 4111 967 4165 vierunt...
998 4114 1075 4166 De
1106 4114 1329 4180 Trinit„
1362 4112 1450 4178 Vl,
1484 4117 1534 4169 3.
1567 4110 1737 4181 Apul.
