3371 4999
1388 899 1676 968 CAPUT
1727 900 2182 968 SEPTIMUM

809 1125 897 1187 DE
939 1124 1383 1202 QUORUMDAM
1427 1123 1953 1195 vocABULoRtm
1995 1124 2084 1187 Ac
2125 1125 2579 1190 LocU'rlomm
2621 1128 2764 1191 USU

1523 1246 2039 1311 INSOLENTIORE

1695 1440 1887 1455 ———-

1511 1677 1558 1737 Ι.
1588 1712 1666 1720 —
1696 1678 1776 1739 De
1804 1675 2065 1739 Nomine

918 1850 982 1909 1⁰
1015 1866 1096 1910 na
1146 1865 1263 1910 nso
1296 1865 1595 1909 NomNuM
1643 1865 1783 1918 om:
1831 1843 2294 1933 incorporalia
2336 1869 2649 1914 manare-R

794 2016 1164 2085 Neminem
1203 2017 1383 2106 fugit
1412 2014 1760 2082 Romanos
1794 2017 1865 2080 in
1903 2015 2072 2082 bene
2106 2017 2430 2105 gerendis
2463 2017 2671 2097 rebus
2700 2043 2857 2087 cum

707 2131 1175 2221 publicistum
1190 2130 1592 2197 domesticis
1615 2152 1687 2195 se
1705 2134 1884 2196 totos
1912 2152 2189 2218 semper
2218 2131 2623 2215 collocasse,
2648 2138 2857 2223 atque

709 2244 866 2311 ideo
950 2243 1508 2333 liquidissimum
1603 2265 1998 2309 sermonem
2088 2243 2525 2327 adhibuisse,
2588 2247 2858 2314 modice

712 2364 990 2426 utentes
1020 2358 1106 2423 iis
1151 2355 1560 2423 nominibus
1601 2379 1756 2445 qua?
1800 2357 2261 2447 incorporalia
2300 2382 2339 2425 a
2378 2363 2858 2449 grammaticis

707 2471 1059 2539 dicuntur.

799 2586 979 2652 Dum
1014 2584 1616 2674 praetermiserunt
1655 2583 2169 2672 philosophiam
2220 2586 2590 2675 complecti
2649 2594 2856 2677 atque

711 2701 784 2765 in
824 2721 1061 2765 rerum
1095 2697 1688 2785 contemplatione
1732 2698 2015 2776 versari,
2054 2697 2236 2764 hanc
2276 2701 2858 2768 consuetudinem

709 2819 1203 2892 servaverunt;
1263 2809 1381 2876 ubi
1423 2832 1587 2876 vero
1645 2809 2105 2898 philosophia]
2148 2833 2430 2898 operam
2473 2813 2749 2894 dedere,
2791 2816 2858 2880 vi

707 2948 784 2992 ac
839 2925 1255 2991 necessitate
1319 2924 1536 2990 coacti
1580 2928 1747 2989 sunt
1805 2921 2349 3012 incorporalibus
2402 2926 2860 3015 incorporalia

709 3039 1001 3104 nomina
1054 3039 1435 3125 imponere,
1499 3036 1689 3126 quod
1752 3035 1983 3101 Tullio
2038 3059 2546 3127 nonnunquam
2597 3042 2853 3121 evenit,

707 3158 786 3219 ut
818 3152 1082 3241 legenti
1112 3151 1262 3239 ejus
1306 3151 1560 3239 scripta
1591 3149 2044 3237 perspicuum
2088 3157 2214 3215 est.

798 3265 1120 3354 Christus
1153 3271 1387 3330 autem
1414 3269 1626 3351 atque
1662 3263 1708 3327 ii
1740 3262 1858 3351 qui
1901 3285 1937 3328 a
1981 3262 2256 3330 Christo
2317 3265 2603 3353 profecti
2665 3273 2854 3346 sunt,

708 3377 934 3444 multa
976 3376 1403 3443 induxerunt
1450 3398 1605 3463 quae
1671 3374 2281 3464 incorporabilibus
2323 3380 2859 3450 tantum‘nomi-

707 3492 917 3558 nibus
969 3490 1265 3580 exprimi
1343 3495 1669 3577 possunt,
1732 3490 2188 3577 quamohrem
2243 3490 2527 3579 hujusce
2585 3494 2858 3581 generis

707 3605 997 3671 nomina
1039 3626 1221 3691 saepe
1263 3602 1448 3691 apud
1490 3602 1559 3668 S.
1604 3602 1954 3668 Hilarium
2000 3605 2468 3691 reperiuntur.

795 3791 861 3872 a)
906 3790 1110 3851 Multa
1153 3797 1301 3850 sunt
1344 3793 1780 3867 incorporalia
1825 3790 2084 3850 nomina
2122 3811 2264 3872 quae
2305 3792 2367 3851 in
2406 3793 2616 3854 locum
2654 3794 2859 3856 nomi-

707 3909 861 3950 num
893 3908 1018 3948 non
1051 3891 1553 3964 incorporalium
1585 3895 2054 3968 supponuntur.

956 4015 1146 4085 sitque
1200 4021 1300 4070 aut
1358 4014 1665 4069 familiaris
1717 4015 2002 4084 scientim,
2035 4018 2329 4088 cognitam
2370 4019 2596 4074 clavem
2640 4020 2755 4075 cito
2791 4038 2862 4075 ex

921 4105 1091 4174 copia
1140 4104 1240 4158 illa
1284 4109 1576 4175 congestae
1617 4104 1676 4157 in
1725 4120 1913 4157 unum
1943 4091 2232 4161 varietatis
2273 4108 2494 4177 (rerum
2542 4109 2862 4178 variarum)

922 4193 1205 4264 eligere...
1239 4195 1304 4246 Ιη
1337 4194 1535 4247 Psalm.
1571 4194 1743 4247 Instr.
1773 4196 1862 4247 24.
