3371 4999
1628 433 2002 486 *142—

740 585 997 653 Ariana
1057 590 1456 655 commenta
1507 583 1833 651 refellere
1892 590 2207 667 conatur,
2261 583 2508 677 lingua
2566 606 2737 651 usus
2788 588 2894 651 est

739 720 1019 788 prorsus
1048 699 1241 788 inopi
1282 720 1419 787 qua
1447 699 1750 787 cogitata
1785 697 2022 788 eloqui
2063 697 2421 765 interdum
2452 686 2594 764 non
2636 698 2887 787 potuit,

740 817 809 879 et
844 818 1121 879 coactus
1162 810 1398 878 estad
1439 810 1762 901 linguam
1802 831 2099 900 graecam
2142 812 2540 900 confugere,
2591 832 2732 899 qua
2769 809 2891 899 qui

738 934 905 993 tunc
944 924 1321 991 utebantur
1348 923 1571 990 multo
1603 925 1883 991 facilius
1919 923 2002 990 de
2049 922 2256 991 rebus
2288 924 2372 991 ad
2407 923 2891 990 Arianismum

690 1016 695 1023 ι
741 1037 1257 1128 pertinentibus
1298 1037 1655 1126 disputare
1697 1043 2038 1127 poterant.

834 1152 1143 1241 Denique
1197 1152 1253 1217 si
1307 1150 1390 1217 de
1441 1151 1791 1218 scribendi
1848 1172 2105 1239 genere
2172 1152 2426 1239 agitur,
2485 1164 2890 1240 quanquam

746 1266 1106 1335 Hilariana
1145 1265 1403 1353 scripta
1439 1286 1591 1353 quae
1620 1287 1761 1331 non
1803 1263 2207 1331 exciderunt
2228 1264 2304 1330 in
2335 1262 2890 1352 disputationum

751 1378 980 1469 potius
1021 1400 1232 1467 quam
1276 1378 1348 1441 in
1397 1378 1796 1444 orationum
1839 1399 2217 1443 numerum
2258 1376 2659 1465 reponenda
2700 1380 2886 1458 sunt,

745 1493 900 1558 fuse
931 1497 1168 1558 tamen
1200 1497 1265 1557 et
1303 1491 1601 1558 oratorie
1652 1490 2037 1580 saepissime
2076 1490 2386 1579 loquitur
2424 1490 2495 1557 S.
2543 1490 2889 1572 Hilarius;

754 1607 931 1695 quin
967 1605 1178 1671 etiam
1224 1604 1612 1673 effervescit
1667 1605 1737 1669 in
1777 1603 2067 1671 dicendo
2108 1610 2316 1692 atque
2366 1604 2636 1692 poetico
2676 1605 2893 1671 inter-

738 1718 922 1795 ,dum
963 1716 1190 1786 colore
1239 1739 1465 1783 sermo
1516 1716 1667 1805 ejus
1727 1717 2058 1807 pingitur.
2118 1716 2386 1796 Quibus
2441 1718 2660 1783 fateor
2715 1738 2893 1782 non-

741 1830 944 1897 nulla
983 1832 1200 1896 mixta
1231 1852 1379 1896 esse
1419 1830 1630 1911 vitia3
1683 1835 1788 1894 est
1837 1830 2026 1895 enim
2078 1853 2219 1896 non
2272 1829 2489 1896 semel
2542 1829 2897 1897 elaborata

747 1944 1180 2011 concinnitas
1217 1949 1282 2010 et
1308 1942 1626 2031 qua’dam
1656 1943 2144 2029 redundantia,
2190 1948 2259 2010 et
2290 1944 2512 2010 nimia
2536 1942 2891 2010 interdum

746 2057 1076 2124 brevitas,

837 2170 991 2241 Jam
1046 2176 1125 2236 ut
1183 2178 1576 2236 extremum
1634 2169 1902 2260 aliquid
1964 2170 2111 2237 haec
2177 2170 2555 2258 disputatio
2615 2171 2889 2251 habeat,

746 2283 978 2350 dicam
1008 2306 1116 2349 me
1142 2305 1283 2349 non
1311 2291 1595 2372 gravate
1627 2307 1704 2348 su
1717 2284 1993 2373 ss'ragari
2020 2282 2088 2351 S.
2124 2283 2552 2374 Hieronymo
2585 2283 2843 2351 dicenti
2873 2305 2887 2350 :

673 2426 682 2438 ·
750 2428 779 2459 «
830 2398 904 2464 Si
951 2397 1215 2462 flumen
1282 2395 1696 2484 eloquentiae
1773 2402 1841 2462 et
1906 2398 2281 2464 concinnas
2357 2397 2891 2464 declamationes

749 2543 777 2574 «
832 2512 1259 2592 desiderant3
1302 2511 1538 2599 legant
1560 2511 1896 2589 Tullium,
1934 2510 2886 2593 Gallionem,Gabinianum;

747 2655 777 2686 «
839 2632 906 2692 et
935 2632 1012 2692 ut
1051 2625 1135 2692 ad
1190 2629 1466 2690 nostros
1507 2623 1816 2704 veniam,
1859 2623 2393 2708 Tertullianum,
2437 2625 2889 2715 Cyprianum,

732 2738 777 2800 ἀ
836 2740 1246 2818 Minucium,
1293 2736 1709 2816 Arnobium,
1755 2737 2221 2819 Lactantium,
2275 2739 2664 2804 Hilarium
2712 2760 2780 2819 »;
2828 2745 2895 2804 et

748 2853 1037 2920 moleste
1103 2853 1285 2918 ferre
1350 2851 1535 2941 quod
1588 2850 1973 2918 exciderint
2030 2856 2173 2917 tam
2236 2851 2458 2918 multa
2516 2852 2583 2918 S.
2643 2851 2891 2918 Hilarii

749 2967 1011 3054 scripta
1068 2966 1143 3031 in
1202 2966 1447 3055 primis
1507 2964 1770 3030 libellus
1812 2978 2049 3031 eontra
2089 2964 2488 3031 Dioscorum
2531 2964 2887 3044 medicum,

750 3102 915 3147 cum
965 3080 1038 3144 in
1106 3101 1212 3159 e0,
1260 3078 1499 3167 judice
1550 3076 1796 3144 eodem
1846 3077 1917 3144 S.
1986 3078 2439 3167 Hieronymo,
2515 3076 2757 3165 «quid
2817 3078 2892 3143 in

752 3193 1004 3260 litteris
1046 3194 1316 3281 posset‘2
1357 3221 1418 3275 »‚
1464 3191 1868 3259 ostenderit.

890 3367 1018 3422 Vidi
1040 3382 1103 3420 ac
1126 3368 1343 3435 perleyi
1371 3366 1627 3432 Pictavii,

1183 3473 1428 3524 Calendis
1458 3472 1736 3522 Decembr.
1767 3486 1892 3523 ann.
1922 3473 2245 3523 MDCCCCII.

684 3627 691 3632 ,
759 3576 1058 3627 Facultatz‘s
1087 3575 1391 3624 litterarum
1426 3574 1481 3621 in
1512 3573 1861 3623 Universitate
1887 3575 2208 3623 Pictaviensi
2231 3575 2486 3636 decanus,

1447 3662 1599 3715 J.-A.
1635 3661 1790 3715 HiLn.

2104 3757 2265 3821 Typis
2297 3758 2586 3806 mandetur
2620 3773 2631 3805 t

1940 3843 2241 3892 Academiae
2265 3844 2611 3894 Pictaviensis
2638 3847 2832 3906 rector,

2330 3934 2396 3986 H.
2431 3934 2601 3988 CoNS.
2881 3943 2904 3974 s

811 4170 856 4216 1.
902 4166 1138 4227 Hieron.,
1169 4166 1331 4228 Praef.
1364 4165 1420 4213 in
1447 4163 1539 4213 lib.
1573 4164 1694 4213 VIII
1719 4164 2002 4213 Commeat.
2035 4166 2091 4214 in
2115 4166 2324 4217 Isaiam.

814 4242 860 4287 2.
904 4239 1142 4299 Hieron„
1172 4237 1338 4301 Epist.
1365 4236 1614 4286 LXXXIII
1640 4235 1713 4284 ad
1734 4236 2003 4300 Maqnum.
