3371 4999
1676 444 2051 497 —108—

779 582 1119 640 Meminisse
1171 582 1332 655 (cum
1379 582 1656 655 indic.)...
1702 587 1972 636 memento
2014 581 2148 651 quia
2198 580 2372 634 Pater
2415 585 2560 633 est...
2606 580 2679 631 De
2714 574 2939 648 Triuici,

931 673 1026 740 111,
1059 676 1147 727 22.

786 760 950 817 Scire
979 761 1140 830 (cum
1172 759 1376 830 indie.)
1561 762 1662 815 soit
1696 759 1857 814 enim
1897 760 2032 828 quia
2072 756 2373 813 tribulatio
2413 755 2765 828 patientiam
2809 771 2946 826 ope-

927 832 1159 906 ratitr...
1186 851 1255 904 In
1282 851 1485 904 Psalm.
1521 851 1608 912 53,
1637 852 1689 904 8.

782 1028 842 1082 2⁰
880 1028 959 1084 De
1001 1006 1513 1084 enuntiationibus
1557 1042 1688 1098 quae
1724 1027 2025 1097 obliquam
2059 1025 2599 1099 interrogationem
2634 1023 2948 1079 continent

864 1193 927 1253 [n
959 1192 1238 1274 obliquis
1271 1190 1910 1273 interrogationibus,
1952 1189 2216 1250 modum
2257 1188 2676 1249 indicativum
2707 1206 2944 1268 suppo-

781 1291 876 1353 nit
914 1291 980 1352 S.
1026 1289 1309 1352 Hilarius
1341 1289 1403 1349 in
1441 1288 1654 1350 locum
1702 1287 2112 1369 subjunctivi,
2166 1290 2389 1347 contra'
2436 1286 2579 1368 puri
2626 1283 2943 1346 sermonis

787 1387 1314 1451 consuetudinem
1342 1387 1381 1448 ¹.

1022 1540 1089 1589 ut
1118 1535 1266 1589 unde
1303 1541 1428 1588 orta
1461 1541 1537 1588 est
1580 1534 1721 1604 (sit),
1766 1538 1823 1587 et
1860 1550 1978 1604 quo
2009 1533 2287 1587 evaderet
2329 1532 2625 1602 impietas,
2660 1547 2943 1586 noscere-

997 1641 1195 1679 muS...
1229 1627 1297 1678 1η
1330 1625 1530 1678 Psalm.
1567 1628 1654 1693 58,
1683 1628 1736 1677 2.
2609 1630 2610 1635 ’

1022 1713 1125 1768 sed
1152 1714 1477 1779 videamuS‚
1506 1711 1597 1766 his
1630 1713 1731 1782 qui
1765 1711 1915 1765 fines
1945 1710 2235 1775 habitant,
2264 1726 2364 1764 cur
2396 1710 2667 1764 timebunt
2697 1714 2753 1763 et
2781 1709 2942 1764 unde

1000 1802 1117 1857 illis
1140 1808 1335 1856 metus
1360 1802 1669 1873 ingruat...
1698 1804 1763 1854 In
1795 1802 1997 1854 Psalm.
2032 1803 2120 1866 64,
2158 1803 2241 1854 12.

1031 1908 1152 1945 non
1182 1891 1552 1961 ambigemus
1590 1893 1715 1960 quis
1756 1891 1860 1945 iste
1889 1892 1995 1944 erit
2028 1890 2288 1959 (futurus
2328 1888 2492 1958 sit)...
2531 1891 2592 1941 1η
2624 1889 2825 1942 Psalm.
2859 1891 2947 1953 65,

1010 1984 1095 2035 12.

1037 2074 1269 2140 oportet
1297 2075 1495 2123 autem
1529 2068 1807 2139 cognosci
1832 2069 2074 2138 quidem
2106 2066 2379 2136 quomodo
2411 2067 2472 2118 in
2502 2065 2840 2135 requiem...
2871 2065 2948 2136 pii

1011 2165 1069 2213 et
1093 2161 1211 2212 Deo
1244 2159 1497 2227 subjecti
1534 2165 1808 2227 poterunt
1837 2158 2083 2212 introire
2116 2157 2404 2228 (futurum
2433 2156 2509 2209 sit
2532 2161 2597 2209 ut
2628 2155 2945 2226 possint)...

1009 2251 1076 2302 In
1102 2249 1304 2302 Psalm.
1341 2252 1428 2315 91,
1460 2251 1511 2301 9.

1028 2354 1150 2391 non
1180 2337 1429 2406 lnquirit
1463 2336 1896 2400 tantummodo,
1930 2339 1988 2389 in
2021 2351 2131 2404 quo
2164 2341 2244 2388 est
2270 2334 2387 2404 (sit)
2411 2350 2612 2387 rerum
2640 2332 2950 2408 abscondi-

1013 2433 1203 2480 tarum
1229 2425 1475 2496 diligens
1507 2425 1887 2494 inquisitio...
1922 2427 1988 2478 1η
2019 2425 2218 2477 Psalm.
2257 2426 2377 2487 118,
2411 2427 2493 2489 17,
2535 2427 2581 2476 1.

1048 2505 1588 2569 Demonstranduui
1621 2521 1818 2569 autem
1861 2515 1923 2568 in
1955 2513 2291 2585 Euangeliis
2322 2519 2428 2579 est,
2464 2513 2558 2566 ubi
2592 2516 2649 2565 et
2680 2511 2951 2580 probatus

898 2634 910 2649 ι
1012 2611 1069 2659 et
1098 2608 1352 2671 comtibus
1382 2611 1461 2658 est
1484 2605 1670 2674 (sm...
1710 2606 1772 2657 1η
1802 2606 1999 2658 Psalm.
2039 2606 2159 2670 138,
2194 2607 2244 2656 ὃ.

1047 2696 1247 2747 nescio
1290 2695 1564 2763 quot‘nodo
1603 2696 1709 2746 erit
1751 2693 2042 2764 (futurum
2082 2693 2176 2761 sit)
2217 2690 2357 2745 utile
2403 2691 2461 2744 id
2508 2696 2853 2759 expetere...
2883 2691 2951 2743 In

1011 2784 1233 2850 Matth„
1271 2788 1356 2848 18,
1389 2789 1440 2837 2.

1049 2875 1147 2942 qui
1178 2874 1418 2926 tandem
1446 2873 1539 2926 isti
1567 2879 1700 2925 sunt
1727 2872 1889 2941 (sint)
1912 2887 2034 2925 non
2064 2871 2125 2924 in
2155 2870 2407 2923 obscuro
2437 2875 2590 2923 est...
2618 2872 2692 2923 De
2726 2870 2948 2936 Trinit„

1026 2963 1112 3026 lv,
1144 2964 1234 3015 39.
2287 3029 2291 3033 .

1050 3067 1250 3119 quiere
1274 3067 1366 3117 an,
1403 3050 1503 3120 qui
1536 3050 1727 3120 Iegem
1756 3050 1988 3103 dederit
2017 3051 2173 3103 Deus
2203 3064 2378 3101 verus
2408 3053 2486 3100 est
2520 3047 2707 3117 (sit)...
2734 3050 2810 3100 De
2837 3047 2953 3098 Tri-

1014 3142 1141 3204 nit„
1172 3141 1237 3207 V,
1274 3144 1360 3194 23.

1060 3245 1198 3300 rogo
1243 3230 1302 3281 in
1335 3245 1445 3298 quo
1482 3229 1693 3282 veritas
1733 3228 1948 3296 deperit
1979 3226 2325 3298 (depereat),
2360 3231 2418 3279 et
2457 3226 2517 3279 in
2559 3241 2667 3294 quo
2715 3224 2955 3278 infirma

1014 3318 1159 3372 sides
1190 3318 1579 3387 professionis
1606 3325 1685 3370 est
1719 3317 1907 3388 (sit)...
1938 3319 2014 3369 De
2047 3318 2272 3380 Trinit„
2309 3316 2395 3381 VI,
2425 3319 2512 3368 23.

1050 3413 1107 3460 et
1136 3408 1266 3460 vide
1290 3410 1348 3459 in
1378 3407 1528 3475 quod
1556 3406 1921 3478 te‚negando
1950 3405 2162 3459 Filium
2191 3405 2313 3469 Dei,
2341 3405 2599 3458 Judai‘cao
2631 3403 2956 3473 impietatis

1015 3497 1383 3551 consortium
1416 3499 1682 3550 miscuisti
1708 3494 2137 3567 (miscueris)...
2171 3497 2246 3547 De
2280 3496 2505 3559 Trinit„
2537 3494 2627 3559 vl,
2662 3496 2746 3546 50.

1033 3602 1234 3655 quaero
1267 3592 1455 3639 utrum
1486 3602 1588 3655 per
1616 3586 1795 3638 iidem
1827 3584 1927 3638 Dei
1962 3600 2148 3637 unum
2176 3591 2296 3636 erat
2327 3582 2593 3653 (esset)...
2629 3585 2704 3636 Dc
2728 3584 2952 3649 Triuia,

1019 3676 1160 3743 VIII,
1197 3680 1246 3727 7.
2138 3691 2142 3694 ·

1055 3781 1253 3834 quaero
1305 3780 1465 3817 nunc
1518 3764 1698 3834 igitur
1743 3762 2015 3831 quomodo
2048 3778 2166 3815 non
2216 3778 2288 3814 ex
2338 3765 2551 3814 natura
2590 3767 2778 3813 unum
2824 3765 2958 3813 sunt

1015 3854 1249 3922 (sirm...
1284 3856 1360 3906 De
1393 3856 1618 3919 Triuia,
1656 3853 1796 3919 VlII,
1831 3857 1919 3907 26.

1055 3943 1352 4013 interrogo
1384 3946 1508 4011 quis
1532 3948 1611 3996 est
1657 3943 1775 4012 (sit)
1810 3958 1986 3996 carne
2027 3957 2089 3994 se
2121 3938 2450 4009 spolians..
2479 3941 2555 3992 De
2602 3940 2827 4008 Trina„
2862 3939 2953 4008 IX,

1021 4034 1105 4083 11.

867 4161 1023 4281 &55:5¹8-
1057 4163 1307 4222 Roensch,
1332 4176 1383 4224 p.
1409 4164 1496 4211 428
1522 4178 1533 4223 ;
1563 4163 1786 4223 Goelzer,
1821 4162 1975 4211 Saint
2006 4162 2231 4221 Je'rome,
2259 4174 2310 4224 p.
2335 4162 2453 4220 3553
2492 4160 2552 4207 In
2590 4150 2791 4223 Sulpic.
2821 4159 2956 4220 Sev.,

800 4246 853 4295 p,
945 4260 963 4267 -
1034 4271 1043 4281 .
