3371 4999
1690 421 2023 471 ..10—

770 590 908 656 qua
968 575 1287 635 versatus
1354 575 1459 635 est
1529 568 1887 658 OrigeneS,
1961 568 2028 635 id
2088 575 2189 635 est
2251 591 2398 634 rem
2462 569 2749 634 alterius
2818 570 2922 635 rei

769 682 1051 770 signum
1091 681 1365 748 habeat.

859 795 1055 876 Quod
1096 797 1179 863 ad
1218 796 1474 862 latinos
1517 801 1807 884 spectat,
1853 797 1922 863 S.
1970 796 2309 886 Cypriano
2350 800 2531 865 certe
2580 819 2752 862 usus
2791 802 2917 874 est,

768 915 848 975 ut
878 909 1138 998 abipso
1179 910 1638 996 accepimus¹.
1676 909 2190 976 Tertullianum
2223 917 2458 977 autem
2500 933 2642 976 non
2685 911 2921 974 minus

769 1022 1077 1088 studiose
1116 1020 1445 1110 perlegit3
1481 1002 1641 1088 cum
1673 1043 1839 1088 vero
1872 1021 1985 1089 hic
2010 1045 2050 1087 a
2079 1029 2269 1088 recta
2308 1023 2416 1088 via
2444 1021 2823 1101 deflexerit,
2855 1027 2922 1087 et

769 1136 1118 1224 perversis
1176 1134 1627 1224 opinionibus
1676 1134 1996 1223 quaedam
2047 1133 2196 1222 ejus
2247 1136 2505 1223 scripta
2555 1135 2915 1213 vitientur,

770 1272 910 1315 non
965 1248 1172 1315 modo
1213 1249 1297 1315 ab
1339 1250 1492 1315 istis
1551 1256 1750 1316 cavet
1798 1248 1868 1315 S.
1915 1249 2246 1330 Hilarius,
2294 1248 2412 1316 sed
2454 1248 2537 1315 ab
2580 1249 2668 1314 iis
2710 1249 2919 1315 etiam

771 1385 924 1451 quae
967 1364 1161 1429 omni
1202 1362 1746 1450 reprehensione
1789 1365 2087 1429 carentff.

862 1476 1041 1541 Dum
1115 1498 1274 1542 vero
1344 1474 1734 1557 exsulabat,
1797 1498 1957 1543 cum
2025 1476 2398 1566 Phrygiam
2462 1475 2794 1541 incoleret
2849 1475 2920 1540 in

772 1610 910 1676 qua
948 1611 1088 1676 gra
1096 1611 1174 1655 ca
1213 1594 1381 1655 tunc
1409 1589 1737 1655 homines
1768 1589 2423 1678 utebanturlingua,
2454 1611 2712 1677 graecas
2737 1589 2920 1655 litte-

772 1720 886 1767 ras
905 1702 1184 1791 penitus
1205 1701 1592 1789 exploravit
1611 1725 1624 1783 3
1648 1703 1874 1791 primo
1889 1704 2055 1791 quia
2070 1708 2447 1791 occupatus
2468 1703 2699 1791 eratin
2721 1701 2920 1768 refel-

772 1813 999 1882 lendis
1031 1816 1451 1881 Arianorum
1474 1796 1893 1882 commentis
1919 1838 2088 1904 quae.
2111 1816 2183 1882 in
2222 1815 2500 1883 Oriente
2533 1815 2917 1904 praesertini

775 1927 974 2016 longe
1015 1927 1292 2017 lateque
1338 1927 1590 1995 diffusa
1637 1934 1835 1994 erant
1892 1935 1960 1994 et
2007 1929 2286 2018 scriptis
2351 1951 2567 2018 graece
2621 1908 2919 1995 exaratis

773 2041 1160 2130 divulgata3
1197 2040 1449 2109 deinde
1478 2043 1643 2130 quia
1685 2065 1766 2108 ea
1805 2042 2049 2131 lingua
2080 2043 2182 2109 uti
2224 2049 2503 2111 coactus
2565 2048 2669 2109 est
2706 2048 2782 2110 ut
2809 2059 2814 2065 ’
2843 2042 2915 2107 in

773 2154 1201 2242 colloquium
1240 2177 1400 2222 cum
1440 2156 1524 2220 iis
1565 2155 1818 2222 cotidie
1850 2156 2122 2221 veniret
2158 2156 2343 2222 inter
2382 2177 2556 2244 quos
2597 2153 2915 2223 versaba-

773 2275 910 2349 tur,
951 2276 1018 2335 et
1057 2269 1357 2334 maxime
1400 2274 1475 2334 ut
1506 2269 1565 2335 is
1602 2275 1787 2358 esset
1816 2269 1935 2356 qui
1977 2274 2210 2356 posset
2250 2270 2526 2358 egregie
2557 2271 2739 2335 tueri
2767 2270 2919 2356 opi-

772 2383 1056 2448 nionem
1098 2405 1290 2448 suam
1338 2382 1407 2446 in
1438 2381 1773 2467 ,conciliis
1804 2405 1957 2470 quw.
2000 2403 2081 2447 ex
2139 2381 2603 2448 Orientalibus
2646 2383 2917 2470 episco-

776 2499 881 2587 pis
910 2503 1178 2564 tantum
1224 2496 1517 2563 collecta
1555 2506 1778 2563 erant.

863 2611 1056 2678 Adde
1122 2612 1255 2677 huc
1312 2610 1495 2698 quod
1556 2610 1864 2677 multum
1919 2610 2278 2677 volutatus
2334 2617 2440 2677 est
2508 2612 2919 2698 inscriptis

774 2726 1055 2791 patrum
1122 2725 1522 2790 Graecorum
1579 2730 1731 2790 tum
1792 2723 2428 2791 Alexandrinorum
2481 2731 2633 2790 tum
2674 2747 2918 2791 eorum

773 2839 895 2927 qni
931 2836 1081 2926 ejus
1108 2837 1546 2926 temporibus
1585 2836 1957 2917 vivebant3
2004 2843 2214 2927 atque
2267 2838 2361 2905 ita
2405 2843 2548 2904 tam
2591 2838 2919 2926 praeclara

773 2949 1163 3017 eruditione
1203 2951 1336 3017 fuit
1376 2957 1453 3017 ut
1484 2973 1690 3017 suum
1729 2951 2032 3037 potuerit
2093 2950 2430 3016 conficere
2484 2950 2565 3015 de
2626 2948 2921 3038 Synodis

772 3063 1033 3130 librum
1076 3065 1148 3129 in
1189 3087 1325 3153 quo
1363 3063 1717 3131 subtiliter
1749 3063 2031 3130 discutit
2067 3064 2226 3129 fidei
2260 3057 2601 3130 formulas
2641 3086 2795 3154 quae
2836 3063 2919 3131 ab

775 3177 1240 3244 Orientalibus
1299 3179 1645 3267 episcopis
1704 3179 2122 3266 conscripta}
2196 3184 2391 3268 sunt,
2464 3182 2530 3243 et
2611 3177 2914 3243 maxime

752 3288 1031 3363 >librum
1072 3291 1154 3356 αἰ»
1201 3294 1251 3356 T
1248 3290 1530 3357 rinitate
1571 3313 1710 3379 quo
1747 3313 1889 3356 non
1932 3291 2229 3356 Arianos
2253 3295 2528 3355 tantum
2560 3288 2674 3356 sed
2706 3290 2916 3356 etiam

771 3410 1036 3470 ceteros
1092 3404 1455 3471 haereticos
1516 3404 1893 3493 redarguit,
1954 3426 2115 3470 eum
2185 3425 2437 3489 nempe
2497 3401 2758 3468 librum
2795 3403 2917 3491 qui

771 3516 1123 3605 quondam
1167 3516 1584 3606 inclytorum
1623 3492 1937 3584 {firorum
1988 3517 2209 3582 movit
2262 3515 2797 3612 admirationem
2854 3521 2921 3581 et

775 3630 1020 3697 ceteris
1059 3630 1125 3697 S.
1167 3631 1413 3697 Hilarii
1456 3632 1733 3720 scriptis
1776 3631 2016 3719 procul
2056 3629 2267 3696 dubio
2313 3632 2654 3719 praestat²³.

837 3796 880 3842 1.
921 3795 1202 3843 comment.
1259 3796 1313 3841 in
1361 3794 1573 3851 Mateh.,
1629 3795 1690 3850 V,
1735 3797 1790 3841 1:
1842 3809 1870 3839 «
1908 3795 1982 3842 De
2028 3793 2293 3842 orationis
2346 3797 2529 3843 autem
2582 3797 2919 3843 sacramento

773 3867 1094 3947 necessitate
1144 3880 1243 3914 nos
1291 3866 1697 3914 commentandi
1752 3865 2052 3929 Cyprianus
2112 3865 2195 3913 vir
2246 3869 2444 3914 sanctae
2494 3865 2770 3914 memoria}
2821 3879 2921 3913 nos

774 3937 1038 4056 ΙὼΞῗΓἩῑξιῑί.
1064 3955 1094 4055 ζ)
1123 4024 1147 4055 α
1179 4007 1437 4066 Quamvis
1481 4007 1847 4056 Tertullianus
1905 4007 2030 4056 hinc
2071 4008 2327 4056 volumen
2367 4008 2710 4072 aptissimum
2754 4008 2922 4070 scrip-

775 4080 901 4129 serit
923 4096 935 4138 ;
967 4078 1058 4127 sed
1087 4093 1423 4140 consequens
1455 4092 1601 4127 error
1627 4079 1865 4128 hominis
1892 4078 2123 4128 detraxit
2157 4079 2373 4142 scriptis
2399 4079 2769 4141 probabilibus
2795 4092 2921 4128 auc·-

774 4151 1009 4201 ritatem.
1036 4166 1063 4197 >v

837 4225 880 4269 3.
918 4221 992 4269 Cf.
1026 4221 1255 4281 Barbier,
1287 4221 1442 4270 Sain't
1468 4222 1671 4271 Hilaire
1702 4223 1767 4271 de
1797 4223 2036 4280 Ροὶἰίενε,
2067 4237 2117 4286 p.
2153 4224 2259 4269 155.
