3371 4999
1642 419 1979 471 ——86—

1366 627 1440 689 11.
1488 663 1568 673 —
1608 628 1692 692 De
1733 627 1943 691 verbis
1983 628 2259 709 passivis

829 798 1192 860 Occurrunt
1231 796 1525 878 quaedam
1569 798 1766 860 verba
1815 797 2075 878 passiva
2113 818 2383 880 prorsus
2441 799 2720 861 insolita.
2785 799 2881 861 Cf.

738 897 933 972 Neue,
968 895 1079 971 ΙΙΙ,
1111 897 1170 968 8,
1207 897 1343 955 104.

737 1032 938 1089 Catari
1120 1007 1474 1102 rependitur
1503 1030 1662 1100 quod
1697 1038 1925 1086 caretur
1945 1030 2220 1102 (deest)...
2251 1035 2327 1086 De
2359 1034 2583 1099 Trina„
2616 1033 2682 1102 X,
2724 1036 2811 1087 28.

736 1120 1021 1191 Bmigrari
1216 1118 1347 1183 Dei,
1388 1119 1779 1174 tabernaculo
1833 1118 2153 1175 revelletur
2213 1124 2269 1174 et
2334 1121 2767 1190 emiqrabitur...
2820 1125 2886 1176 In

883 1210 1091 1266 Psalm.
1131 1213 1219 1272 51,
1249 1212 1336 1264 16.

738 1299 961 1355 Instari
1130 1302 1493 1369 praeceptum
1532 1301 1734 1353 autem
1774 1315 1952 1357 omne
1992 1298 2275 1354 brevitate
2321 1297 2643 1354 collectum
2687 1305 2794 1367 est,
2824 1306 2889 1354 ut

880 1386 1187 1442 memorioe
1212 1387 1622 1454 mandetur‚...
1651 1392 2036 1457 temperetur,
2065 1390 2372 1444 instetur...
2397 1390 2462 1442 In
2493 1390 2693 1444 Psalm.
2720 1392 2803 1456 14,
2833 1392 2882 1443 2.

738 1476 1171 1545 Transmiqrari
1354 1475 1424 1530 de
1459 1476 1848 1531 tabernaculo
1895 1478 2131 1532 evulsus
2166 1483 2225 1532 et
2265 1481 2699 1544 transmiqratus
2738 1486 2882 1533 est...

881 1569 949 1620 In
978 1566 1183 1621 Psalm.
1216 1568 1304 1633 51,
1341 1568 1427 1620 14.

822 1705 1121 1768 Occurrit
1150 1705 1341 1766 etiam
1375 1704 1580 1765 forma
1599 1704 1859 1786 passiva
1887 1721 2229 1785 responsus
2261 1711 2383 1769 est.

770 1873 775 1881 .
980 1831 1147 1881 extra
1167 1843 1407 1881 omnem
1434 1826 1662 1896 peccati
1685 1825 1880 1880 labem
1914 1826 2115 1881 vivens
2135 1826 2232 1880 hic
2265 1842 2392 1881 esse
2425 1843 2721 1896 responsus
2741 1835 2884 1882 est...

954 1919 1022 1969 1η
1051 1917 1254 1970 Psalm.
1287 1919 1371 1980 14,
1405 1919 1455 1970 6.

1220 2102 1322 2163 111.
1369 2137 1449 2146 —
1489 2102 1570 2164 De
1612 2100 1827 2164 verbis
1869 2100 2403 2180 impersonalibus

824 2249 1041 2312 Utitur
1087 2250 1153 2312 S.
1187 2249 1466 2310 Hilarius
1505 2248 1779 2309 vetustis
1821 2247 2150 2309 vocabulis
2189 2255 2500 2329 oportent,
2538 2254 2885 2328 oporteant,

745 2349 1197 2429 oportuissent.

980 2472 1052 2543 de
1083 2471 1174 2527 his
1200 2476 1398 2527 autern
1431 2487 1562 2542 quae
1599 2470 1669 2525 de
1710 2469 1937 2540 AEgypti
1970 2468 2225 2542 negotiis
2259 2467 2521 2540 intellegi
2546 2467 2892 2540 spiritaliter

961 2568 1285 2631 oportent...
1319 2564 1387 2615 In
1417 2562 1620 2615 Psalm.
1657 2563 1781 2626 135,
1809 2562 1892 2612 14.

1002 2651 1301 2706 tametsi...
1363 2649 1768 2720 generationis
1816 2664 2053 2717 quoque
2097 2648 2313 2717 'primae
2372 2653 2430 2702 et
2492 2647 2891 2720 generationis

958 2740 1265 2810 sequentis
1307 2739 1517 2793 referri
1551 2744 1920 2807 oporteant...
1963 2740 2029 2790 In
2049 2738 2252 2792 Psalm.
2286 2741 2407 2802 138,
2439 2741 2488 2790 1.

980 2845 1111 2898 quae
1125 2828 1418 2883 contineri
1448 2827 1736 2898 religione
1764 2827 2055 2880 mentium
2086 2828 2526 2894 oportuissent...
2561 2829 2637 2879 De
2671 2827 2889 2891 Trinit„

963 2920 1033 2988 ΙΙ,
1061 2922 1112 2972 2.

828 3050 1044 3113 Utitur
1081 3049 1275 3110 etiam
1316 3046 1649 3112 vocabulis
1692 3050 2090 3122 paenitemzw,
2138 3048 2527 3122 poeniterent,
2569 3050 2895 3121 paenituis-

746 3159 898 3208 sent.
936 3146 1033 3209 Cf.
1066 3148 1340 3219 Goelzer,
1369 3165 1433 3227 p.
1469 3147 1608 3205 288.

985 3257 1239 3312 decretis
1262 3257 1660 3324 paenitemuS...
1690 3254 1780 3307 Ad
1810 3255 2123 3327 Constant„
2151 3257 2203 3320 2,
2235 3255 2285 3307 5.

989 3351 1119 3399 ut...
1156 3361 1335 3415 super
1361 3343 1730 3398 contumelia
1759 3341 1949 3396 illusa)
1979 3341 2331 3397 humilitatis
2377 3358 2677 3412 corporea}
2710 3345 2894 3410 paeni-

962 3440 1209 3490 terent...
1234 3435 1301 3486 Ιη
1323 3434 1523 3487 Psalm.
1559 3437 1609 3497 2,
1638 3437 1728 3487 26.

986 3523 1343 3593 exprobrare
1368 3520 1832 3576 civitatibusillis
1855 3522 2049 3598 coepit,
2083 3522 2143 3575 in
2173 3521 2387 3590 quibus
2421 3520 2624 3591 plures
2651 3521 2894 3575 virtutes

965 3610 1092 3681 ejus
1123 3613 1346 3667 effectae
1374 3616 1591 3677 essent,
1625 3626 1737 3663 nec
1761 3613 2216 3677 paenituissent...
2249 3613 2316 3663 In
2337 3611 2541 3664 l’salm.
2574 3613 2694 3678 118,
2724 3613 2777 3676 3,
2811 3612 2891 3663 18.
