<?xml version="1.0" encoding="UTF-8"?>
<!DOCTYPE html PUBLIC "-//W3C//DTD XHTML 1.0 Transitional//EN"
    "http://www.w3.org/TR/xhtml1/DTD/xhtml1-transitional.dtd">
<html xmlns="http://www.w3.org/1999/xhtml" xml:lang="en" lang="en">
 <head>
  <title>
</title>
<meta http-equiv="Content-Type" content="text/html;charset=utf-8" />
  <meta name='ocr-system' content='tesseract 3.04.00' />
  <meta name='ocr-capabilities' content='ocr_page ocr_carea ocr_par ocr_line ocrx_word'/>
</head>
<body>
  <div class='ocr_page' id='page_1' title='image "./quomodolatinali01quilgoog_0083.png"; bbox 0 0 3371 4999; ppageno 0'>
   <div class='ocr_carea' id='block_1_1' title="bbox 1369 454 1707 507">
    <p class='ocr_par' dir='ltr' id='par_1_1' title="bbox 1369 454 1707 507">
     <span class='ocr_line' id='line_1_1' title="bbox 1369 454 1707 507; baseline 0.003 -18"><span class='ocrx_word' id='word_1_1' title='bbox 1369 454 1707 507; x_wconf 77' lang='lat'>—59—</span> 
     </span>
    </p>
   </div>
   <div class='ocr_carea' id='block_1_2' title="bbox 457 591 2615 756">
    <p class='ocr_par' dir='ltr' id='par_1_2' title="bbox 457 591 2615 756">
     <span class='ocr_line' id='line_1_2' title="bbox 458 591 2615 684; baseline 0.002 -28"><span class='ocrx_word' id='word_1_2' title='bbox 458 591 839 680; x_wconf 84' lang='lat' dir='ltr'>dignitatem</span> <span class='ocrx_word' id='word_1_3' title='bbox 871 600 1092 684; x_wconf 83' lang='lat' dir='ltr'>fregit:</span> <span class='ocrx_word' id='word_1_4' title='bbox 1128 601 1299 683; x_wconf 91' lang='lat' dir='ltr'>quod</span> <span class='ocrx_word' id='word_1_5' title='bbox 1332 603 1400 664; x_wconf 90' lang='lat' dir='ltr'>S.</span> <span class='ocrx_word' id='word_1_6' title='bbox 1440 601 1725 663; x_wconf 83' lang='lat' dir='ltr'>Hilarius</span> <span class='ocrx_word' id='word_1_7' title='bbox 1756 601 2031 683; x_wconf 87' lang='lat' dir='ltr'>explicat</span> <span class='ocrx_word' id='word_1_8' title='bbox 2060 600 2365 663; x_wconf 90' lang='lat' dir='ltr'>vocabulo</span> <span class='ocrx_word' id='word_1_9' title='bbox 2391 605 2615 661; x_wconf 75' lang='lat' dir='ltr'>exina-</span> 
     </span>
     <span class='ocr_line' id='line_1_3' title="bbox 457 700 639 756; baseline 0.016 -2"><span class='ocrx_word' id='word_1_10' title='bbox 457 700 639 756; x_wconf 78' lang='lat' dir='ltr'>nitio,</span> 
     </span>
    </p>
   </div>
   <div class='ocr_carea' id='block_1_3' title="bbox 675 845 2611 1003">
    <p class='ocr_par' dir='ltr' id='par_1_3' title="bbox 601 845 2611 1003">
     <span class='ocr_line' id='line_1_4' title="bbox 707 845 2611 918; baseline 0 -18"><span class='ocrx_word' id='word_1_11' title='bbox 707 861 814 917; x_wconf 87' lang='lat' dir='ltr'>per</span> <span class='ocrx_word' id='word_1_12' title='bbox 852 845 982 914; x_wconf 86' lang='lat' dir='ltr'>ejus</span> <span class='ocrx_word' id='word_1_13' title='bbox 1026 849 1466 901; x_wconf 69' lang='lat' dir='ltr'>eminanicionem</span> <span class='ocrx_word' id='word_1_14' title='bbox 1516 848 1666 901; x_wconf 88' lang='lat' dir='ltr'>servi</span> <span class='ocrx_word' id='word_1_15' title='bbox 1718 853 1846 901; x_wconf 83' lang='lat' dir='ltr'>crat</span> <span class='ocrx_word' id='word_1_16' title='bbox 1892 848 2085 902; x_wconf 81' lang='lat' dir='ltr'>forma</span> <span class='ocrx_word' id='word_1_17' title='bbox 2133 851 2475 918; x_wconf 85' lang='lat' dir='ltr'>suscepta...</span> <span class='ocrx_word' id='word_1_18' title='bbox 2536 849 2611 900; x_wconf 86' lang='lat' dir='ltr'>De</span> 
     </span>
     <span class='ocr_line' id='line_1_5' title="bbox 675 937 1148 1003; baseline 0.004 -15"><span class='ocrx_word' id='word_1_19' title='bbox 675 937 905 1003; x_wconf 83' lang='lat' dir='ltr'>Trinit.,</span> <span class='ocrx_word' id='word_1_20' title='bbox 937 937 1027 1002; x_wconf 84' lang='lat' dir='ltr'>IX,</span> <span class='ocrx_word' id='word_1_21' title='bbox 1063 939 1148 990; x_wconf 82' lang='grc'>51.</span> 
     </span>
    </p>
   </div>
   <div class='ocr_carea' id='block_1_4' title="bbox 451 1074 2614 1452">
    <p class='ocr_par' dir='ltr' id='par_1_4' title="bbox 454 1074 2608 1254">
     <span class='ocr_line' id='line_1_6' title="bbox 534 1074 2608 1158; baseline 0 -24"><span class='ocrx_word' id='word_1_22' title='bbox 534 1074 722 1155; x_wconf 91' lang='lat' dir='ltr'>Apud</span> <span class='ocrx_word' id='word_1_23' title='bbox 752 1074 1049 1136; x_wconf 36' lang='lat' dir='ltr'>‘Plinium</span> <span class='ocrx_word' id='word_1_24' title='bbox 1081 1079 1434 1136; x_wconf 75' lang='lat' dir='ltr'><em>exinanitio</em></span> <span class='ocrx_word' id='word_1_25' title='bbox 1479 1075 1647 1137; x_wconf 88' lang='lat' dir='ltr'>idem</span> <span class='ocrx_word' id='word_1_26' title='bbox 1692 1083 1792 1136; x_wconf 91' lang='lat' dir='ltr'>est</span> <span class='ocrx_word' id='word_1_27' title='bbox 1833 1084 2027 1158; x_wconf 88' lang='lat' dir='ltr'>atque</span> <span class='ocrx_word' id='word_1_28' title='bbox 2058 1080 2282 1153; x_wconf 79' lang='lat' dir='ltr'>effusio</span> <span class='ocrx_word' id='word_1_29' title='bbox 2316 1076 2464 1157; x_wconf 87' lang='lat' dir='ltr'>(qua</span> <span class='ocrx_word' id='word_1_30' title='bbox 2493 1094 2608 1135; x_wconf 91' lang='lat' dir='ltr'>vos</span> 
     </span>
     <span class='ocr_line' id='line_1_7' title="bbox 454 1172 2468 1254; baseline 0.002 -22"><span class='ocrx_word' id='word_1_31' title='bbox 454 1172 714 1253; x_wconf 84' lang='lat' dir='ltr'>aliquod</span> <span class='ocrx_word' id='word_1_32' title='bbox 746 1173 1005 1254; x_wconf 89' lang='lat' dir='ltr'>plenum</span> <span class='ocrx_word' id='word_1_33' title='bbox 1038 1173 1463 1254; x_wconf 79' lang='lat' dir='ltr'>exhauritur).</span> <span class='ocrx_word' id='word_1_34' title='bbox 2466 1225 2468 1229; x_wconf 56' lang='grc'>,</span> 
     </span>
    </p>

    <p class='ocr_par' dir='ltr' id='par_1_5' title="bbox 451 1270 2614 1452">
     <span class='ocr_line' id='line_1_8' title="bbox 528 1270 2613 1343; baseline 0 -13"><span class='ocrx_word' id='word_1_35' title='bbox 528 1270 648 1330; x_wconf 89' lang='lat' dir='ltr'>Per</span> <span class='ocrx_word' id='word_1_36' title='bbox 702 1297 729 1324; x_wconf 92' lang='lat'>«</span> <span class='ocrx_word' id='word_1_37' title='bbox 762 1273 1285 1332; x_wconf 77' lang='lat' dir='ltr'>Incarnationem</span> <span class='ocrx_word' id='word_1_38' title='bbox 1320 1298 1373 1343; x_wconf 14' lang='lat' dir='ltr'>»A</span> <span class='ocrx_word' id='word_1_39' title='bbox 1410 1271 1710 1334; x_wconf 88' lang='lat' dir='ltr'>Christus</span> <span class='ocrx_word' id='word_1_40' title='bbox 1756 1292 1989 1332; x_wconf 90' lang='lat' dir='ltr'>novum</span> <span class='ocrx_word' id='word_1_41' title='bbox 2050 1291 2264 1333; x_wconf 86' lang='lat' dir='ltr'>rerum</span> <span class='ocrx_word' id='word_1_42' title='bbox 2325 1271 2613 1332; x_wconf 85' lang='lat' dir='ltr'>ordinem</span> 
     </span>
     <span class='ocr_line' id='line_1_9' title="bbox 451 1367 2614 1452; baseline 0.001 -25"><span class='ocrx_word' id='word_1_43' title='bbox 451 1367 730 1428; x_wconf 80' lang='lat' dir='ltr'>instituit</span> <span class='ocrx_word' id='word_1_44' title='bbox 776 1369 1204 1449; x_wconf 88' lang='lat' dir='ltr'>qui-vocatur</span> <span class='ocrx_word' id='word_1_45' title='bbox 1249 1369 1447 1452; x_wconf 85' lang='lat' dir='ltr'>vulgo</span> <span class='ocrx_word' id='word_1_46' title='bbox 1504 1396 1529 1423; x_wconf 90' lang='lat'>«</span> <span class='ocrx_word' id='word_1_47' title='bbox 1568 1373 2078 1444; x_wconf 72' lang='lat' dir='ltr'>supernaturalis</span> <span class='ocrx_word' id='word_1_48' title='bbox 2113 1394 2140 1423; x_wconf 85' lang='lat'>»</span> <span class='ocrx_word' id='word_1_49' title='bbox 2202 1378 2266 1430; x_wconf 91' lang='lat' dir='ltr'>et</span> <span class='ocrx_word' id='word_1_50' title='bbox 2318 1390 2354 1428; x_wconf 88' lang='lat' dir='ltr'>a</span> <span class='ocrx_word' id='word_1_51' title='bbox 2398 1372 2614 1447; x_wconf 71' lang='lat' dir='ltr'>qratia</span> 
     </span>
    </p>
   </div>
   <div class='ocr_carea' id='block_1_5' title="bbox 449 1465 2612 1625">
    <p class='ocr_par' dir='ltr' id='par_1_6' title="bbox 449 1465 2612 1625">
     <span class='ocr_line' id='line_1_10' title="bbox 452 1465 2612 1549; baseline 0 -24"><span class='ocrx_word' id='word_1_52' title='bbox 452 1465 702 1526; x_wconf 91' lang='lat' dir='ltr'>initium</span> <span class='ocrx_word' id='word_1_53' title='bbox 776 1465 985 1539; x_wconf 78' lang='lat' dir='ltr'>ducit3</span> <span class='ocrx_word' id='word_1_54' title='bbox 1050 1467 1263 1549; x_wconf 79' lang='lat' dir='ltr'>gratia</span> <span class='ocrx_word' id='word_1_55' title='bbox 1324 1476 1535 1528; x_wconf 90' lang='lat' dir='ltr'>autem</span> <span class='ocrx_word' id='word_1_56' title='bbox 1603 1475 1869 1527; x_wconf 84' lang='lat' dir='ltr'>vocatur</span> <span class='ocrx_word' id='word_1_57' title='bbox 1932 1466 2253 1527; x_wconf 89' lang='lat' dir='ltr'>interdum</span> <span class='ocrx_word' id='word_1_58' title='bbox 2309 1471 2612 1526; x_wconf 79' lang='lat' dir='ltr'>viaticum</span> 
     </span>
     <span class='ocr_line' id='line_1_11' title="bbox 449 1569 848 1625; baseline 0.005 -2"><span class='ocrx_word' id='word_1_59' title='bbox 449 1569 848 1625; x_wconf 55' lang='lat' dir='ltr'>‹zelet-nitati&amp;</span> 
     </span>
    </p>
   </div>
   <div class='ocr_carea' id='block_1_6' title="bbox 662 1686 2604 1842">
    <p class='ocr_par' dir='ltr' id='par_1_7' title="bbox 595 1686 2604 1842">
     <span class='ocr_line' id='line_1_12' title="bbox 690 1686 2604 1757; baseline 0 -17.953"><span class='ocrx_word' id='word_1_60' title='bbox 690 1686 983 1756; x_wconf 82' lang='lat' dir='ltr'>acquisita</span> <span class='ocrx_word' id='word_1_61' title='bbox 1013 1687 1122 1742; x_wconf 83' lang='lat' dir='ltr'>hac</span> <span class='ocrx_word' id='word_1_62' title='bbox 1157 1688 1217 1741; x_wconf 91' lang='lat' dir='ltr'>in</span> <span class='ocrx_word' id='word_1_63' title='bbox 1249 1690 1511 1741; x_wconf 61' lang='grc' dir='ltr'>ὐἰατέοιιηι</span> <span class='ocrx_word' id='word_1_64' title='bbox 1547 1689 1876 1743; x_wconf 64' lang='lat' dir='ltr'>{eternitatis</span> <span class='ocrx_word' id='word_1_65' title='bbox 1904 1687 2279 1757; x_wconf 87' lang='lat' dir='ltr'>opulentia...</span> <span class='ocrx_word' id='word_1_66' title='bbox 2303 1689 2370 1740; x_wconf 85' lang='lat' dir='ltr'>In</span> <span class='ocrx_word' id='word_1_67' title='bbox 2400 1688 2604 1741; x_wconf 84' lang='lat' dir='ltr'>Psalm.</span> 
     </span>
     <span class='ocr_line' id='line_1_13' title="bbox 662 1780 865 1842; baseline -0.01 -11"><span class='ocrx_word' id='word_1_68' title='bbox 662 1780 748 1842; x_wconf 75' lang='lat'>50,</span> <span class='ocrx_word' id='word_1_69' title='bbox 781 1781 865 1830; x_wconf 80' lang='lat'>17.</span> 
     </span>
    </p>
   </div>
   <div class='ocr_carea' id='block_1_7' title="bbox 442 1910 2722 2288">
    <p class='ocr_par' dir='ltr' id='par_1_8' title="bbox 442 1910 2722 2288">
     <span class='ocr_line' id='line_1_14' title="bbox 528 1910 2722 1994; baseline -0.001 -21"><span class='ocrx_word' id='word_1_70' title='bbox 528 1912 931 1974; x_wconf 82' lang='lat' dir='ltr'>Vocabulum</span> <span class='ocrx_word' id='word_1_71' title='bbox 962 1918 1268 1973; x_wconf 75' lang='lat' dir='ltr'>viaticum</span> <span class='ocrx_word' id='word_1_72' title='bbox 1304 1913 1473 1994; x_wconf 90' lang='lat' dir='ltr'>quod</span> <span class='ocrx_word' id='word_1_73' title='bbox 1511 1913 1679 1994; x_wconf 90' lang='lat' dir='ltr'>apud</span> <span class='ocrx_word' id='word_1_74' title='bbox 1722 1912 2098 1974; x_wconf 81' lang='lat' dir='ltr'>Ciceronem</span> <span class='ocrx_word' id='word_1_75' title='bbox 2129 1921 2191 1972; x_wconf 90' lang='lat' dir='ltr'>et</span> <span class='ocrx_word' id='word_1_76' title='bbox 2234 1911 2395 1977; x_wconf 92' lang='lat' dir='ltr'>alios</span> <span class='ocrx_word' id='word_1_77' title='bbox 2442 1910 2612 1972; x_wconf 90' lang='lat' dir='ltr'>idem</span> <span class='ocrx_word' id='word_1_78' title='bbox 2719 1984 2722 1987; x_wconf 10' lang='grc' dir='ltr'><strong>Α</strong></span> 
     </span>
     <span class='ocr_line' id='line_1_15' title="bbox 442 2008 2613 2088; baseline -0.001 -18"><span class='ocrx_word' id='word_1_79' title='bbox 442 2010 618 2071; x_wconf 85' lang='lat' dir='ltr'>valet</span> <span class='ocrx_word' id='word_1_80' title='bbox 661 2031 734 2070; x_wconf 90' lang='lat' dir='ltr'>ac</span> <span class='ocrx_word' id='word_1_81' title='bbox 771 2022 1156 2071; x_wconf 77' lang='lat' dir='ltr'><em>commeatus</em></span> <span class='ocrx_word' id='word_1_82' title='bbox 1206 2016 1435 2088; x_wconf 79' lang='lat' dir='ltr'>parati</span> <span class='ocrx_word' id='word_1_83' title='bbox 1473 2014 1560 2069; x_wconf 80' lang='lat' dir='ltr'>od</span> <span class='ocrx_word' id='word_1_84' title='bbox 1600 2015 1717 2070; x_wconf 76' lang='lat' dir='ltr'>iter</span> <span class='ocrx_word' id='word_1_85' title='bbox 1763 2012 2229 2086; x_wconf 78' lang='lat' dir='ltr'>conficiendum</span> <span class='ocrx_word' id='word_1_86' title='bbox 2282 2008 2613 2070; x_wconf 78' lang='lat' dir='ltr'>transtulit</span> 
     </span>
     <span class='ocr_line' id='line_1_16' title="bbox 445 2106 2610 2190; baseline -0.001 -22"><span class='ocrx_word' id='word_1_87' title='bbox 445 2107 510 2168; x_wconf 88' lang='lat' dir='ltr'>S.</span> <span class='ocrx_word' id='word_1_88' title='bbox 577 2108 879 2179; x_wconf 83' lang='lat' dir='ltr'>HilariuS‚</span> <span class='ocrx_word' id='word_1_89' title='bbox 929 2116 1164 2190; x_wconf 89' lang='lat' dir='ltr'>putans</span> <span class='ocrx_word' id='word_1_90' title='bbox 1215 2109 1487 2190; x_wconf 79' lang='lat' dir='ltr'>gratiam</span> <span class='ocrx_word' id='word_1_91' title='bbox 1532 2129 1647 2189; x_wconf 90' lang='lat' dir='ltr'>pro</span> <span class='ocrx_word' id='word_1_92' title='bbox 1693 2116 2053 2168; x_wconf 81' lang='lat' dir='ltr'>commeatu</span> <span class='ocrx_word' id='word_1_93' title='bbox 2110 2127 2236 2189; x_wconf 89' lang='lat' dir='ltr'>quo</span> <span class='ocrx_word' id='word_1_94' title='bbox 2289 2106 2497 2168; x_wconf 88' lang='lat' dir='ltr'>sancti</span> <span class='ocrx_word' id='word_1_95' title='bbox 2545 2106 2610 2166; x_wconf 89' lang='lat' dir='ltr'>in</span> 
     </span>
     <span class='ocr_line' id='line_1_17' title="bbox 442 2204 2084 2288; baseline 0.001 -24"><span class='ocrx_word' id='word_1_96' title='bbox 442 2204 600 2267; x_wconf 82' lang='lat' dir='ltr'>caelo</span> <span class='ocrx_word' id='word_1_97' title='bbox 638 2205 698 2265; x_wconf 90' lang='lat' dir='ltr'>in</span> <span class='ocrx_word' id='word_1_98' title='bbox 751 2207 1213 2287; x_wconf 87' lang='lat' dir='ltr'>sempiternum</span> <span class='ocrx_word' id='word_1_99' title='bbox 1245 2216 1501 2288; x_wconf 85' lang='lat' dir='ltr'>tempus</span> <span class='ocrx_word' id='word_1_100' title='bbox 1534 2206 2084 2266; x_wconf 85' lang='lat' dir='ltr'>sustentabuntur.</span> 
     </span>
    </p>
   </div>
   <div class='ocr_carea' id='block_1_8' title="bbox 443 2303 2605 2463">
    <p class='ocr_par' dir='ltr' id='par_1_9' title="bbox 443 2303 2605 2463">
     <span class='ocr_line' id='line_1_18' title="bbox 525 2303 2605 2381; baseline -0.001 -18"><span class='ocrx_word' id='word_1_101' title='bbox 525 2303 689 2364; x_wconf 89' lang='lat' dir='ltr'>Cum</span> <span class='ocrx_word' id='word_1_102' title='bbox 737 2304 989 2365; x_wconf 88' lang='lat' dir='ltr'>animus</span> <span class='ocrx_word' id='word_1_103' title='bbox 1028 2308 1247 2381; x_wconf 59' lang='lat' dir='ltr'>,qratia</span> <span class='ocrx_word' id='word_1_104' title='bbox 1286 2314 1572 2377; x_wconf 88' lang='lat' dir='ltr'>ornatur,</span> <span class='ocrx_word' id='word_1_105' title='bbox 1624 2303 1859 2363; x_wconf 78' lang='lat' dir='ltr'>fruitur</span> <span class='ocrx_word' id='word_1_106' title='bbox 1896 2306 2289 2375; x_wconf 54' lang='lat' dir='ltr'>habitatione</span> <span class='ocrx_word' id='word_1_107' title='bbox 2320 2305 2605 2378; x_wconf 76' lang='lat' dir='ltr'>Spiritus</span> 
     </span>
     <span class='ocr_line' id='line_1_19' title="bbox 443 2406 672 2463; baseline -0.004 -2"><span class='ocrx_word' id='word_1_108' title='bbox 443 2406 672 2463; x_wconf 74' lang='lat' dir='ltr'>sancti.</span> 
     </span>
    </p>
   </div>
   <div class='ocr_carea' id='block_1_9' title="bbox 690 2525 2605 2598">
    <p class='ocr_par' dir='ltr' id='par_1_10' title="bbox 595 2525 2605 2598">
     <span class='ocr_line' id='line_1_20' title="bbox 690 2525 2605 2598; baseline -0.002 -17.236"><span class='ocrx_word' id='word_1_109' title='bbox 690 2527 914 2598; x_wconf 81' lang='lat' dir='ltr'>indigui</span> <span class='ocrx_word' id='word_1_110' title='bbox 942 2528 1292 2582; x_wconf 80' lang='lat' dir='ltr'>habitatione</span> <span class='ocrx_word' id='word_1_111' title='bbox 1320 2530 1563 2597; x_wconf 78' lang='lat' dir='ltr'>Spiritus</span> <span class='ocrx_word' id='word_1_112' title='bbox 1588 2528 1770 2579; x_wconf 79' lang='lat' dir='ltr'>sancti</span> <span class='ocrx_word' id='word_1_113' title='bbox 1800 2531 2040 2579; x_wconf 85' lang='lat' dir='ltr'>erunt...</span> <span class='ocrx_word' id='word_1_114' title='bbox 2071 2526 2137 2577; x_wconf 83' lang='lat' dir='ltr'>In</span> <span class='ocrx_word' id='word_1_115' title='bbox 2158 2525 2358 2578; x_wconf 77' lang='lat' dir='ltr'>Matth.</span> <span class='ocrx_word' id='word_1_116' title='bbox 2394 2526 2483 2591; x_wconf 72' lang='lat'>24,</span> <span class='ocrx_word' id='word_1_117' title='bbox 2520 2529 2605 2578; x_wconf 87' lang='lat'>11.</span> 
     </span>
    </p>
   </div>
   <div class='ocr_carea' id='block_1_10' title="bbox 441 2674 2602 3344">
    <p class='ocr_par' dir='ltr' id='par_1_11' title="bbox 441 2674 2602 3152">
     <span class='ocr_line' id='line_1_21' title="bbox 523 2674 2602 2759; baseline -0.004 -21"><span class='ocrx_word' id='word_1_118' title='bbox 523 2678 713 2759; x_wconf 91' lang='lat' dir='ltr'>Apud</span> <span class='ocrx_word' id='word_1_119' title='bbox 756 2677 1131 2741; x_wconf 83' lang='lat' dir='ltr'>Ciceronem</span> <span class='ocrx_word' id='word_1_120' title='bbox 1177 2680 1483 2738; x_wconf 76' lang='lat' dir='ltr'>habitacio</span> <span class='ocrx_word' id='word_1_121' title='bbox 1528 2676 1697 2736; x_wconf 90' lang='lat' dir='ltr'>idem</span> <span class='ocrx_word' id='word_1_122' title='bbox 1736 2674 1904 2735; x_wconf 87' lang='lat' dir='ltr'>valet</span> <span class='ocrx_word' id='word_1_123' title='bbox 1943 2693 2014 2734; x_wconf 86' lang='lat' dir='ltr'>ac</span> <span class='ocrx_word' id='word_1_124' title='bbox 2049 2676 2442 2733; x_wconf 80' lang='lat' dir='ltr'>domicilium</span> <span class='ocrx_word' id='word_1_125' title='bbox 2490 2674 2602 2730; x_wconf 79' lang='lat' dir='ltr'>lio-</span> 
     </span>
     <span class='ocr_line' id='line_1_22' title="bbox 442 2773 2600 2858; baseline -0.003 -24"><span class='ocrx_word' id='word_1_126' title='bbox 442 2781 706 2853; x_wconf 67' lang='lat' dir='ltr'>spitium</span> <span class='ocrx_word' id='word_1_127' title='bbox 726 2795 750 2853; x_wconf 85' lang='lat'>‚·</span> <span class='ocrx_word' id='word_1_128' title='bbox 781 2776 949 2858; x_wconf 87' lang='lat' dir='ltr'>apud</span> <span class='ocrx_word' id='word_1_129' title='bbox 985 2778 1050 2838; x_wconf 91' lang='lat' dir='ltr'>S.</span> <span class='ocrx_word' id='word_1_130' title='bbox 1089 2776 1404 2836; x_wconf 86' lang='lat' dir='ltr'>Hilarium</span> <span class='ocrx_word' id='word_1_131' title='bbox 1439 2775 1608 2835; x_wconf 90' lang='lat' dir='ltr'>idem</span> <span class='ocrx_word' id='word_1_132' title='bbox 1644 2783 1834 2855; x_wconf 85' lang='lat' dir='ltr'>atque</span> <span class='ocrx_word' id='word_1_133' title='bbox 1878 2773 2019 2853; x_wconf 85' lang='lat' dir='ltr'>ipsa</span> <span class='ocrx_word' id='word_1_134' title='bbox 2061 2774 2405 2832; x_wconf 77' lang='lat' dir='ltr'>habitantis</span> <span class='ocrx_word' id='word_1_135' title='bbox 2436 2789 2600 2847; x_wconf 69' lang='lat' dir='ltr'>prae-</span> 
     </span>
     <span class='ocr_line' id='line_1_23' title="bbox 441 2867 2601 2952; baseline -0.003 -19"><span class='ocrx_word' id='word_1_136' title='bbox 441 2878 679 2952; x_wconf 75' lang='lat' dir='ltr'>sentia‚·</span> <span class='ocrx_word' id='word_1_137' title='bbox 726 2874 806 2934; x_wconf 89' lang='lat' dir='ltr'>ad</span> <span class='ocrx_word' id='word_1_138' title='bbox 838 2875 1209 2936; x_wconf 88' lang='lat' dir='ltr'>memoriam</span> <span class='ocrx_word' id='word_1_139' title='bbox 1255 2880 1467 2933; x_wconf 90' lang='lat' dir='ltr'>autem</span> <span class='ocrx_word' id='word_1_140' title='bbox 1500 2881 1757 2933; x_wconf 86' lang='lat' dir='ltr'>revocat</span> <span class='ocrx_word' id='word_1_141' title='bbox 1786 2871 1954 2931; x_wconf 90' lang='lat' dir='ltr'>hunc</span> <span class='ocrx_word' id='word_1_142' title='bbox 1997 2870 2211 2930; x_wconf 77' lang='lat' dir='ltr'>Sacrae</span> <span class='ocrx_word' id='word_1_143' title='bbox 2250 2867 2601 2948; x_wconf 74' lang='lat' dir='ltr'>Scripturas</span> 
     </span>
     <span class='ocr_line' id='line_1_24' title="bbox 443 2967 2595 3048; baseline -0.002 -19"><span class='ocrx_word' id='word_1_144' title='bbox 443 2970 654 3032; x_wconf 89' lang='lat' dir='ltr'>locum</span> <span class='ocrx_word' id='word_1_145' title='bbox 691 2993 704 3031; x_wconf 75' lang='grc' dir='ltr'>ε</span> <span class='ocrx_word' id='word_1_146' title='bbox 747 2997 775 3026; x_wconf 89' lang='lat'>«</span> <span class='ocrx_word' id='word_1_147' title='bbox 811 2993 847 3032; x_wconf 89' lang='lat' dir='ltr'>a</span> <span class='ocrx_word' id='word_1_148' title='bbox 888 2972 1158 3033; x_wconf 83' lang='lat' dir='ltr'>mortuis</span> <span class='ocrx_word' id='word_1_149' title='bbox 1200 2970 1547 3031; x_wconf 85' lang='lat' dir='ltr'>vivificabit</span> <span class='ocrx_word' id='word_1_150' title='bbox 1597 2979 1661 3030; x_wconf 85' lang='lat' dir='ltr'>et</span> <span class='ocrx_word' id='word_1_151' title='bbox 1706 2967 2000 3029; x_wconf 89' lang='lat' dir='ltr'>mortalia</span> <span class='ocrx_word' id='word_1_152' title='bbox 2045 2986 2313 3048; x_wconf 87' lang='lat' dir='ltr'>corpora</span> <span class='ocrx_word' id='word_1_153' title='bbox 2360 2973 2595 3037; x_wconf 83' lang='lat' dir='ltr'>vestra,</span> 
     </span>
     <span class='ocr_line' id='line_1_25' title="bbox 444 3061 2596 3152; baseline -0.001 -25"><span class='ocrx_word' id='word_1_154' title='bbox 444 3078 707 3150; x_wconf 89' lang='lat' dir='ltr'>propter</span> <span class='ocrx_word' id='word_1_155' title='bbox 728 3063 1186 3130; x_wconf 69' lang='lat' dir='ltr'>inhabitantem</span> <span class='ocrx_word' id='word_1_156' title='bbox 1208 3068 1519 3152; x_wconf 86' lang='lat' dir='ltr'>Spiritum</span> <span class='ocrx_word' id='word_1_157' title='bbox 1543 3068 1597 3147; x_wconf 88' lang='lat' dir='ltr'>ej</span> <span class='ocrx_word' id='word_1_158' title='bbox 1610 3088 1680 3127; x_wconf 92' lang='lat' dir='ltr'>us</span> <span class='ocrx_word' id='word_1_159' title='bbox 1705 3068 1769 3126; x_wconf 88' lang='lat' dir='ltr'>in</span> <span class='ocrx_word' id='word_1_160' title='bbox 1790 3066 1995 3126; x_wconf 78' lang='lat' dir='ltr'>vobis,</span> <span class='ocrx_word' id='word_1_161' title='bbox 2020 3090 2048 3119; x_wconf 87' lang='lat'>»</span> <span class='ocrx_word' id='word_1_162' title='bbox 2069 3067 2250 3124; x_wconf 82' lang='lat' dir='ltr'>Rom.</span> <span class='ocrx_word' id='word_1_163' title='bbox 2266 3112 2279 3139; x_wconf 87' lang='lat'>‚</span> <span class='ocrx_word' id='word_1_164' title='bbox 2301 3061 2471 3138; x_wconf 87' lang='lat' dir='ltr'>VIII,</span> <span class='ocrx_word' id='word_1_165' title='bbox 2500 3065 2596 3124; x_wconf 89' lang='lat'>11.</span> 
     </span>
    </p>

    <p class='ocr_par' dir='ltr' id='par_1_12' title="bbox 442 3162 2591 3344">
     <span class='ocr_line' id='line_1_26' title="bbox 526 3162 2591 3249; baseline -0.003 -22"><span class='ocrx_word' id='word_1_166' title='bbox 526 3166 574 3227; x_wconf 87' lang='lat' dir='ltr'>E</span> <span class='ocrx_word' id='word_1_167' title='bbox 627 3167 836 3249; x_wconf 83' lang='lat' dir='ltr'>gratia</span> <span class='ocrx_word' id='word_1_168' title='bbox 879 3166 1225 3229; x_wconf 82' lang='lat' dir='ltr'>efflorescit</span> <span class='ocrx_word' id='word_1_169' title='bbox 1254 3166 1461 3248; x_wconf 89' lang='lat' dir='ltr'>primo</span> <span class='ocrx_word' id='word_1_170' title='bbox 1503 3168 1703 3245; x_wconf 77' lang='lat' dir='ltr'>fides;</span> <span class='ocrx_word' id='word_1_171' title='bbox 1747 3184 1870 3246; x_wconf 89' lang='lat' dir='ltr'>qua</span> <span class='ocrx_word' id='word_1_172' title='bbox 1901 3164 2009 3245; x_wconf 89' lang='lat' dir='ltr'>qui</span> <span class='ocrx_word' id='word_1_173' title='bbox 2044 3162 2277 3223; x_wconf 87' lang='lat' dir='ltr'>virtute</span> <span class='ocrx_word' id='word_1_174' title='bbox 2308 3169 2591 3234; x_wconf 88' lang='lat' dir='ltr'>ornatur,</span> 
     </span>
     <span class='ocr_line' id='line_1_27' title="bbox 442 3264 1688 3344; baseline -0.002 -20"><span class='ocrx_word' id='word_1_175' title='bbox 442 3274 706 3326; x_wconf 82' lang='lat' dir='ltr'>vocatur</span> <span class='ocrx_word' id='word_1_176' title='bbox 731 3268 969 3341; x_wconf 52' lang='lat' dir='ltr'>fideli&amp;</span> <span class='ocrx_word' id='word_1_177' title='bbox 1007 3264 1103 3326; x_wconf 85' lang='lat' dir='ltr'>Cl&#39;.</span> <span class='ocrx_word' id='word_1_178' title='bbox 1146 3266 1420 3338; x_wconf 69' lang='lat' dir='ltr'>Goelzer,</span> <span class='ocrx_word' id='word_1_179' title='bbox 1456 3284 1516 3344; x_wconf 91' lang='lat' dir='ltr'>p.</span> <span class='ocrx_word' id='word_1_180' title='bbox 1548 3266 1688 3324; x_wconf 76' lang='lat'><strong>233.</strong></span> 
     </span>
    </p>
   </div>
   <div class='ocr_carea' id='block_1_11' title="bbox 656 3381 2596 3544">
    <p class='ocr_par' dir='ltr' id='par_1_13' title="bbox 590 3381 2596 3544">
     <span class='ocr_line' id='line_1_28' title="bbox 683 3381 2596 3459; baseline -0.004 -16.371"><span class='ocrx_word' id='word_1_181' title='bbox 683 3390 846 3443; x_wconf 87' lang='lat' dir='ltr'>novit</span> <span class='ocrx_word' id='word_1_182' title='bbox 876 3394 935 3443; x_wconf 85' lang='lat' dir='ltr'>et</span> <span class='ocrx_word' id='word_1_183' title='bbox 960 3388 1275 3459; x_wconf 86' lang='lat' dir='ltr'>Apostolus</span> <span class='ocrx_word' id='word_1_184' title='bbox 1306 3388 1467 3442; x_wconf 91' lang='lat' dir='ltr'>hunc</span> <span class='ocrx_word' id='word_1_185' title='bbox 1494 3387 1556 3441; x_wconf 84' lang='lat' dir='ltr'>in</span> <span class='ocrx_word' id='word_1_186' title='bbox 1586 3387 1728 3440; x_wconf 85' lang='lat' dir='ltr'>viris</span> <span class='ocrx_word' id='word_1_187' title='bbox 1750 3385 2003 3453; x_wconf 69' lang='lat' dir='ltr'>fidelibus</span> <span class='ocrx_word' id='word_1_188' title='bbox 2030 3384 2285 3454; x_wconf 79' lang='lat' dir='ltr'>Spiritus</span> <span class='ocrx_word' id='word_1_189' title='bbox 2316 3398 2442 3436; x_wconf 90' lang='lat' dir='ltr'>esse</span> <span class='ocrx_word' id='word_1_190' title='bbox 2476 3381 2596 3435; x_wconf 84' lang='lat' dir='ltr'>cla-</span> 
     </span>
     <span class='ocr_line' id='line_1_29' title="bbox 656 3479 1656 3544; baseline -0.004 -12"><span class='ocrx_word' id='word_1_191' title='bbox 656 3494 955 3532; x_wconf 87' lang='lat' dir='ltr'>morem...</span> <span class='ocrx_word' id='word_1_192' title='bbox 984 3479 1052 3531; x_wconf 76' lang='lat' dir='ltr'>Iu</span> <span class='ocrx_word' id='word_1_193' title='bbox 1082 3479 1287 3531; x_wconf 83' lang='lat' dir='ltr'>Psalm.</span> <span class='ocrx_word' id='word_1_194' title='bbox 1333 3481 1454 3544; x_wconf 86' lang='lat'><strong>118,</strong></span> <span class='ocrx_word' id='word_1_195' title='bbox 1496 3481 1576 3544; x_wconf 81' lang='lat'>19,</span> <span class='ocrx_word' id='word_1_196' title='bbox 1604 3480 1656 3529; x_wconf 76' lang='lat'>2.</span> 
     </span>
    </p>
   </div>
   <div class='ocr_carea' id='block_1_12' title="bbox 439 3624 2590 3800">
    <p class='ocr_par' dir='ltr' id='par_1_14' title="bbox 439 3624 2590 3800">
     <span class='ocr_line' id='line_1_30' title="bbox 519 3624 2590 3711; baseline -0.004 -21"><span class='ocrx_word' id='word_1_197' title='bbox 519 3629 709 3711; x_wconf 89' lang='lat' dir='ltr'>Apud</span> <span class='ocrx_word' id='word_1_198' title='bbox 738 3629 1016 3710; x_wconf 88' lang='lat' dir='ltr'>optimos</span> <span class='ocrx_word' id='word_1_199' title='bbox 1048 3628 1395 3709; x_wconf 88' lang='lat' dir='ltr'>scriptores</span> <span class='ocrx_word' id='word_1_200' title='bbox 1438 3629 1652 3704; x_wconf 73' lang='lat' dir='ltr'>fidelis</span> <span class='ocrx_word' id='word_1_201' title='bbox 1683 3624 1915 3686; x_wconf 89' lang='lat' dir='ltr'>dicitur</span> <span class='ocrx_word' id='word_1_202' title='bbox 1951 3629 2061 3702; x_wconf 73' lang='lat' dir='ltr'>qui</span> <span class='ocrx_word' id='word_1_203' title='bbox 2087 3644 2211 3683; x_wconf 77' lang='lat' dir='ltr'>non</span> <span class='ocrx_word' id='word_1_204' title='bbox 2239 3626 2415 3698; x_wconf 74' lang='lat' dir='ltr'>fallit</span> <span class='ocrx_word' id='word_1_205' title='bbox 2437 3642 2590 3700; x_wconf 80' lang='lat' dir='ltr'>pro-</span> 
     </span>
     <span class='ocr_line' id='line_1_31' title="bbox 439 3730 1442 3800; baseline 0 -14"><span class='ocrx_word' id='word_1_206' title='bbox 439 3731 659 3800; x_wconf 78' lang='lat' dir='ltr'>missa,</span> <span class='ocrx_word' id='word_1_207' title='bbox 693 3748 819 3787; x_wconf 77' lang='lat' dir='ltr'>non</span> <span class='ocrx_word' id='word_1_208' title='bbox 841 3730 1037 3787; x_wconf 73' lang='lat' dir='ltr'>violat</span> <span class='ocrx_word' id='word_1_209' title='bbox 1066 3730 1442 3786; x_wconf 77' lang='lat' dir='ltr'>amicitiam.</span> 
     </span>
    </p>
   </div>
   <div class='ocr_carea' id='block_1_13' title="bbox 442 3817 2580 4005">
    <p class='ocr_par' dir='ltr' id='par_1_15' title="bbox 442 3817 2580 4005">
     <span class='ocr_line' id='line_1_32' title="bbox 517 3817 2580 3905; baseline -0.004 -19"><span class='ocrx_word' id='word_1_210' title='bbox 517 3824 699 3886; x_wconf 88' lang='lat' dir='ltr'>Fidei</span> <span class='ocrx_word' id='word_1_211' title='bbox 756 3833 970 3884; x_wconf 86' lang='lat' dir='ltr'>autem</span> <span class='ocrx_word' id='word_1_212' title='bbox 1022 3832 1342 3905; x_wconf 84' lang='lat' dir='ltr'>repugnat</span> <span class='ocrx_word' id='word_1_213' title='bbox 1385 3827 1656 3894; x_wconf 73' lang='lat' dir='ltr'>Izaeresz&#39;3‚</span> <span class='ocrx_word' id='word_1_214' title='bbox 1719 3824 2068 3897; x_wconf 78' lang='lat' dir='ltr'>infidelitas</span> <span class='ocrx_word' id='word_1_215' title='bbox 2120 3821 2424 3897; x_wconf 80' lang='lat' dir='ltr'>perfidia.</span> <span class='ocrx_word' id='word_1_216' title='bbox 2485 3817 2580 3880; x_wconf 84' lang='lat' dir='ltr'>Cf.</span> 
     </span>
     <span class='ocr_line' id='line_1_33' title="bbox 442 3925 986 4005; baseline -0.002 -23"><span class='ocrx_word' id='word_1_217' title='bbox 442 3925 710 3996; x_wconf 55' lang='lat' dir='ltr'>Gaelzem</span> <span class='ocrx_word' id='word_1_218' title='bbox 752 3945 814 4005; x_wconf 93' lang='lat' dir='ltr'>p.</span> <span class='ocrx_word' id='word_1_219' title='bbox 848 3926 986 3982; x_wconf 72' lang='lat'>234.</span> 
     </span>
    </p>
   </div>
   <div class='ocr_carea' id='block_1_14' title="bbox 688 4044 2159 4108">
    <p class='ocr_par' dir='ltr' id='par_1_16' title="bbox 585 4044 2159 4108">
     <span class='ocr_line' id='line_1_34' title="bbox 688 4044 2159 4108; baseline -0.003 -9.327"><span class='ocrx_word' id='word_1_220' title='bbox 688 4044 840 4100; x_wconf 86' lang='lat' dir='ltr'>alius</span> <span class='ocrx_word' id='word_1_221' title='bbox 869 4045 943 4100; x_wconf 84' lang='lat' dir='ltr'>ad</span> <span class='ocrx_word' id='word_1_222' title='bbox 966 4046 1211 4099; x_wconf 80' lang='lat' dir='ltr'>haeresim</span> <span class='ocrx_word' id='word_1_223' title='bbox 1237 4044 1586 4100; x_wconf 87' lang='lat' dir='ltr'>sollicitat...</span> <span class='ocrx_word' id='word_1_224' title='bbox 1621 4047 1687 4097; x_wconf 77' lang='lat' dir='ltr'>In</span> <span class='ocrx_word' id='word_1_225' title='bbox 1715 4044 1921 4097; x_wconf 81' lang='lat' dir='ltr'>Psalm.</span> <span class='ocrx_word' id='word_1_226' title='bbox 1957 4045 2077 4108; x_wconf 85' lang='grc'><strong>119,</strong></span> <span class='ocrx_word' id='word_1_227' title='bbox 2109 4045 2159 4095; x_wconf 83' lang='grc'>9.</span> 
     </span>
    </p>
   </div>
   <div class='ocr_carea' id='block_1_15' title="bbox 652 4130 2584 4286">
    <p class='ocr_par' dir='ltr' id='par_1_17' title="bbox 580 4130 2584 4286">
     <span class='ocr_line' id='line_1_35' title="bbox 687 4130 2584 4206; baseline -0.002 -18.214"><span class='ocrx_word' id='word_1_228' title='bbox 687 4134 977 4206; x_wconf 90' lang='lat' dir='ltr'>quidquid</span> <span class='ocrx_word' id='word_1_229' title='bbox 1018 4136 1173 4204; x_wconf 79' lang='lat' dir='ltr'>apud</span> <span class='ocrx_word' id='word_1_230' title='bbox 1224 4140 1282 4188; x_wconf 88' lang='lat' dir='ltr'>te</span> <span class='ocrx_word' id='word_1_231' title='bbox 1331 4141 1544 4204; x_wconf 64' lang='lat' dir='ltr'>praeter</span> <span class='ocrx_word' id='word_1_232' title='bbox 1584 4133 1764 4187; x_wconf 82' lang='lat' dir='ltr'>fldem</span> <span class='ocrx_word' id='word_1_233' title='bbox 1803 4148 1985 4186; x_wconf 85' lang='lat' dir='ltr'>unam</span> <span class='ocrx_word' id='word_1_234' title='bbox 2031 4133 2137 4199; x_wconf 88' lang='lat' dir='ltr'>est,</span> <span class='ocrx_word' id='word_1_235' title='bbox 2178 4130 2421 4200; x_wconf 79' lang='lat' dir='ltr'>perfidia</span> <span class='ocrx_word' id='word_1_236' title='bbox 2462 4146 2584 4184; x_wconf 90' lang='lat' dir='ltr'>non</span> 
     </span>
     <span class='ocr_line' id='line_1_36' title="bbox 652 4223 1681 4286; baseline -0.001 -9"><span class='ocrx_word' id='word_1_237' title='bbox 652 4223 798 4279; x_wconf 83' lang='lat' dir='ltr'>fides</span> <span class='ocrx_word' id='word_1_238' title='bbox 828 4229 986 4279; x_wconf 88' lang='lat' dir='ltr'>est...</span> <span class='ocrx_word' id='word_1_239' title='bbox 1015 4226 1221 4278; x_wconf 76' lang='lat' dir='ltr'>Contra</span> <span class='ocrx_word' id='word_1_240' title='bbox 1253 4226 1565 4286; x_wconf 67' lang='lat' dir='ltr'>Constant..</span> <span class='ocrx_word' id='word_1_241' title='bbox 1596 4227 1681 4277; x_wconf 76' lang='lat'>24.</span> 
     </span>
    </p>
   </div>
  </div>
 </body>
</html>
