3371 4999
481 578 664 649 Loqui
843 581 1171 635 secundum
1212 580 1469 652 Raphael
1506 581 1582 635 ad
1623 581 1846 635 Tobiam
1885 581 2266 651 loquentem...
2305 584 2373 636 In
2419 585 2622 639 Psalm.

626 672 749 735 129,
778 673 832 724 7.

484 758 732 814 Renasci
904 758 1171 814 fidelium
1198 760 1273 814 ad
1302 761 1675 814 innocentiam
1701 765 2025 814 renatorum
2054 760 2295 816 verba...
2328 762 2391 816 In
2421 763 2620 818 Psalm.

626 851 866 916 143,13.

562 967 882 1028 Praeterea
917 968 1176 1049 ponitur
1208 994 1236 1023 «
1272 967 1382 1028 ubi
1412 988 1536 1029 una
1566 987 1712 1029 oum
1741 967 1954 1050 aliqua
1985 990 2052 1030 re
2088 977 2197 1030 aut
2224 990 2298 1031 ea
2318 970 2454 1051 jam
2484 992 2629 1053 per-

481 1064 668 1139 fecta,
702 1064 944 1147 aliquid
976 1062 1145 1147 quod
1175 1065 1456 1127 cohaeret
1484 1065 1623 1126 fieri
1652 1065 1754 1126 vel
1783 1086 1926 1127 esse
1957 1067 2227 1129 dieitur⁴
2264 1094 2319 1127 ».

730 1207 972 1263 libertas
1001 1208 1102 1263 Dei
1138 1224 1172 1262 a
1206 1207 1379 1262 nobis
1405 1206 1467 1261 in
1498 1223 1568 1262 ea
1607 1223 1787 1278 quam
1827 1208 2106 1262 omnibus
2134 1208 2423 1263 debemus
2446 1210 2632 1264 servi-

696 1302 819 1352 tute
857 1298 1176 1353 retinenda
1218 1303 1326 1363 est,
1357 1313 1434 1351 ne
1463 1297 1540 1351 ad
1578 1298 1909 1368 potentium
1942 1286 2180 1366 impetus
2217 1306 2527 1353 terreamur
2553 1315 2629 1352 ne

695 1388 769 1442 ad
798 1386 1222 1442 malevolorum
1253 1388 1494 1441 arbitria
1522 1387 1849 1442 cedamuS...
1880 1388 1947 1441 In
1982 1389 2183 1442 Psalm.
2215 1391 2303 1454 14,
2340 1393 2424 1442 12.
2491 1416 2496 1419 Δ

729 1481 921 1547 flentes
971 1478 1046 1532 ad
1099 1476 1535 1530 recordationem
1602 1476 1764 1542 Sion,
1817 1476 2170 1531 amissorum
2226 1477 2521 1532 desiderio
2577 1482 2635 1531 et

692 1567 1080 1637 praesentium
1107 1565 1436 1620 calamitate
1469 1564 1938 1636 ingemiscunt...
1972 1568 2040 1620 In
2065 1566 2271 1620 Psalm.
2308 1570 2428 1634 136,
2459 1571 2514 1621 6.

731 1656 864 1726 quis
907 1656 1068 1711 enim
1112 1672 1236 1711 non
1279 1655 1523 1724 trepidet
1558 1656 1634 1709 ad
1676 1656 2023 1725 majestatem
2064 1654 2259 1725 ejuS...
2302 1657 2368 1709 In
2425 1657 2629 1711 Psalm.

697 1749 785 1813 65,
816 1750 866 1800 6.

625 1832 686 1895 .,ὶ
729 1835 889 1906 quod
920 1840 1165 1889 necesse
1196 1840 1286 1889 est
1313 1835 1388 1889 ad
1417 1839 1652 1889 montes
1682 1835 1792 1888 hos
1830 1834 2042 1888 referri
2074 1834 2178 1904 qui
2210 1835 2284 1888 ad
2317 1836 2495 1889 solum
2523 1836 2629 1889 Dei

699 1931 907 1979 tactum
937 1924 1305 1992 fumabunt...
1334 1925 1399 1975 In
1429 1923 1633 1976 Psalm.
1668 1925 1789 1988 143,
1820 1926 1872 1976 9.

625 2053 688 2089 .···
723 2013 932 2084 pendet
963 2012 1037 2066 ad
1065 2013 1373 2066 occasiones
1401 2011 1903 2066 adulteriorum...
1935 2013 2004 2065 In
2042 2012 2246 2066 Psalm.
2287 2015 2405 2081 125,
2436 2015 2487 2066 5.

1464 2176 1636 2230 Ante

561 2289 943 2371 Praepositio
995 2296 1142 2352 ante
1181 2307 1325 2348 cum
1365 2289 1730 2349 accusativo
1753 2289 1996 2369 juncta,
2035 2287 2387 2348 insolenter
2442 2308 2624 2348 usur·
2705 2279 2725 2297 ‘

482 2387 753 2470 paturin
769 2386 1207 2455 locutionibus
1229 2385 1464 2466 quibus
1495 2385 1756 2467 aliquod
1785 2385 2166 2447 vocabulum
2184 2385 2618 2447 necessarium

487 2485 907 2549 subtrahitur.
1883 2484 1886 2487 ’

731 2645 855 2683 non
879 2629 1147 2683 Judaeum
1178 2628 1372 2699 potius
1409 2633 1729 2699 negantem
1769 2627 1981 2700 Christi
2016 2634 2146 2680 ante
2182 2628 2385 2681 saecula
2416 2633 2624 2681 aeterna

695 2720 1113 2773 divinitatem...
1143 2721 1219 2771 De
1246 2720 1471 2784 Trinit.‚
1499 2719 1618 2786 XII,
1649 2721 1715 2772 36
1742 2717 2130 2790 [divinitatem
2161 2716 2308 2788 (quae
2329 2717 2468 2788 erat)
2498 2722 2630 2772 ante

694 2806 953 2877 saecula}

1454 2929 1644 2996 Apud

562 3040 736 3101 Idem
768 3039 1109 3120 dicendum
1140 3019 1239 3100 est
1267 3039 1344 3099 de
1377 3039 1829 3121 praepositione
1855 3038 2043 3118 apud,
2074 3037 2242 3119 quod
2273 3038 2349 3098 de
2378 3057 2628 3119 praepo-

424 3181 429 3186 1
483 3138 712 3201 sitione
741 3146 912 3202 ante.

729 3264 898 3318 Caret
945 3264 1099 3332 apud
1136 3265 1359 3316 Patrem
1407 3264 1815 3316 intercessionis
1850 3262 2202 3315 necessitate
2242 3261 2505 3331 perfecta
2551 3261 2623 3314 de

694 3353 840 3408 Filio
874 3353 1086 3407 fides...
1122 3355 1196 3405 De
1243 3353 1586 3421 Trinit.,V1‚
1621 3355 1680 3406 31
1730 3352 2181 3422 (intercessione
2218 3367 2340 3421 quae
2368 3353 2459 3416 sit,
2496 3367 2619 3419 quae

691 3446 791 3512 fiat
821 3444 976 3513 apud
1008 3443 1285 3513 Patrem).

1486 3565 1622 3618 Per

562 3676 939 3759 Praepositio
996 3694 1107 3756 per
1177 3695 1321 3735 cum
1382 3675 1745 3736 accusativo
1790 3675 2032 3756 juncta,
2094 3676 2286 3736 verbo
2365 3678 2622 3759 passivo

481 3795 652 3857 saepe
682 3775 1019 3856 subjicitur
1048 3782 1110 3833 et
1137 3771 1396 3833 ablativi
1435 3772 1645 3834 locum
1676 3782 1877 3833 tenet.

728 3909 892 3947 nunc
917 3908 1021 3960 per
1042 3892 1386 3971 prophetam
1405 3890 1688 3961 grandior
1716 3890 2187 3961 profundiorque
2215 3893 2361 3946 ratio
2378 3894 2621 3962 prophe-

696 3990 918 4036 tatur...
953 3985 1019 4035 In
1048 3983 1249 4035 Psalm.
1282 3986 1371 4047 67,
1402 3983 1488 4034 23.
2501 4036 2507 4043 ,

728 4072 801 4126 ad
842 4077 1067 4125 motum
1098 4087 1267 4140 aqua}
1287 4087 1391 4139 per
1418 4070 1691 4136 Anqelam
1717 4072 2033 4124 incitatae...
2068 4072 2137 4124 In
2168 4072 2368 4125 Psalm.
2403 4074 2490 4140 91,
2516 4076 2568 4127 5.

544 4224 588 4271 1.
625 4222 702 4272 Cf.
730 4221 949 4282 Goelzer,
981 4221 1041 4269 In
1067 4219 1267 4283 Sulplc.
1300 4219 1412 4268 Sec.
1441 4218 1656 4278 observ..
1689 4235 1740 4283 p.
1770 4222 1845 4267 49.
2425 4267 2429 4272 ,

2386 4313 2416 4362 7
