3371 4999
516 1343 734 1411 Nemo
795 1344 1072 1412 videtur
1143 1345 1369 1412 adhuc
1439 1344 1721 1433 operam
1793 1345 2067 1413 dedisse
2146 1353 2224 1415 ut
2300 1348 2580 1455 penitius

425 1464 877 1546 cognosceret
935 1459 1285 1548 quomodo
1344 1458 1562 1525 latina
1608 1459 1852 1548 lingua
1907 1482 2080 1527 usus
2132 1460 2221 1526 sit
2272 1461 2343 1527 S.
2388 1460 2582 1528 Hila-

421 1571 570 1636 rius
634 1571 1088 1657 pictaviensis
1153 1572 1569 1661 episcopus:
1637 1574 1761 1662 qui
1836 1573 1910 1639 in
1973 1595 2054 1640 ea
2118 1597 2191 1640 re
2258 1581 2579 1643 versatus

420 1690 548 1764 est,
582 1687 645 1750 J.
702 1685 882 1765 Sciat,
935 1684 1195 1752 librum
1247 1685 1327 1751 de
1392 1666 1723 1751 Trihicace
1785 1691 2062 1753 tantum
2125 1687 2576 1775 exploravit¹.

419 1796 611 1864 Adde
658 1797 842 1887 quod
886 1798 967 1865 de
1023 1799 1305 1887 syntaxi
1338 1821 1481 1865 non
1539 1799 1746 1866 modo
1796 1799 2024 1866 multa
2091 1802 2571 1889 praetermisit,

419 1910 536 1976 sed
596 1912 807 1977 etiam
857 1933 939 1978 ex
993 1894 1080 1978 iis
1139 1934 1291 2001 quae
1353 1913 1713 2006 notatione
1768 1913 1980 2002 digna
2046 1936 2196 1980 esse
2272 1916 2572 2001 putavit,

415 2023 758 2092 nonnulla
825 2048 863 2092 a
933 2026 1296 2093 communi
1380 2024 1886 2092 consuetudine
1978 2025 2331 2092 discedere
2426 2048 2576 2093 non

413 2136 776 2220 videntum
848 2140 923 2205 in
1007 2139 1442 2213 excutiendis
1519 2145 1761 2205 autem
1832 2139 2195 2233 vocabulis
2272 2140 2575 2206 minime

420 2251 742 2319 detentus
776 2260 904 2320 est.

509 2365 707 2446 Quod
746 2367 1016 2433 nemini
1053 2366 1338 2456 placuit,
1383 2366 1451 2433 id
1485 2367 1812 2456 perficere
1852 2372 2141 2433 conatus
2183 2390 2365 2434 sum.
2405 2368 2574 2434 Pro-

415 2476 594 2548 fecto
635 2479 813 2548 mihi
853 2487 1126 2549 tantum
1159 2504 1301 2548 non
1338 2503 1540 2548 sumo
1571 2485 1647 2548 ut
1674 2485 1916 2569 putem
1950 2480 2302 2569 expletum
2344 2483 2578 2549 omni-¹

416 2593 545 2661 bus
578 2595 724 2661 suis
762 2594 1076 2683 partibus
1116 2595 1246 2661 hoc
1299 2617 1472 2684 opus
1524 2593 1707 2675 fore3
1766 2594 1984 2660 immo
2036 2593 2224 2659 haud
2287 2596 2430 2661 scio
2468 2618 2573 2679 *an

414 2727 659 2793 parum
709 2706 1058 2796 sapienter
1113 2707 1366 2772 faciam
1408 2706 1536 2794 qui
1576 2728 1721 2772 non
1770 2704 2086 2773 dubitem
2128 2729 2276 2774 rem
2335 2710 2582 2774 susci,-

413 2842 574 2908 pere
613 2842 768 2909 quae
806 2825 1082 2886 tantum
1113 2819 1545 2886 difficultatis
1586 2826 1654 2886 et
1693 2818 1954 2885 laboris
1996 2819 2279 2901 habeat3
2320 2821 2570 2909 itaque

331 2912 335 2918 ¹
412 2932 684 3022 aliquid
726 2939 792 3000 et
832 2932 1056 3034 multa
1097 2934 1388 2999 forsitan
1428 2934 1778 3021 requiras

504 3046 700 3127 Quod
742 3069 905 3114 vero
946 3049 1036 3114 sit
1076 3069 1310 3113 meum
1354 3048 1816 3136 propositum,
1841 3044 2107 3134 abjecta
2135 3048 2566 3114 omnicunc-

412 3162 676 3228 tatione
709 3183 1075 3249 exponam.

502 3274 740 3340 Primo
780 3297 983 3364 agam
1024 3274 1108 3341 de
1150 3274 1506 3342 vocabulis
1549 3281 1615 3340 et
1655 3273 2074 3350 enumerabo
2120 3296 2134 3342 :
2180 3275 2248 3362 a)
2293 3296 2372 3356 ea
2404 3298 2558 3365 quae

409 3410 551 3456 non
609 3389 1061 3477 reperiuntur
1126 3387 1309 3477 apud
1375 3388 1742 3476 scriptores
1809 3390 1929 3477 qui
1995 3411 2033 3453 a
2087 3388 2412 3460 Cicerone
2470 3389 2551 3455 ad

407 3502 687 3591 Apuleii
729 3508 796 3569 et
838 3502 1207 3568 Frontonis
1246 3495 1562 3590 tempora
1617 3501 1912 3567 solutam
1952 3507 2228 3568 tantum
2292 3501 2553 3567 oratio-

406 3638 563 3708 nem
595 3614 1100 3696 adhibuerunt;
1145 3615 1206 3704 b)
1263 3638 1341 3682 ea
1390 3616 1646 3703 quibus
1687 3616 1797 3681 usi
1842 3622 2006 3682 sunt
2046 3616 2295 3703 optimi
2338 3616 2553 3704 scrip-

405 3733 619 3811 toreS,
646 3728 764 3796 sed
806 3730 878 3795 in
904 3729 1158 3819 quibus
1185 3752 1366 3796 nova
1405 3729 1749 3797 sententia
1789 3728 2106 3817 subjecta
2146 3739 2273 3796 est.

498 3841 761 3911 Deinde
803 3841 1032 3908 dicam
1080 3843 1162 3909 de
1210 3841 1710 3909 vocabulorum
1769 3843 2252 3931 complexione
2311 3864 2433 3908 seu
2473 3840 2554 3908 de

406 3955 711 4044 smitam,
769 3963 833 4022 et
894 3979 974 4022 ea
1016 3954 1271 4022 notabo
1327 3979 1479 4044 quae
1539 3978 1578 4022 a
1625 3958 1986 4023 communi
2049 3955 2550 4023 consuetudine

469 4161 512 4206 1.
551 4160 596 4206 J.
630 4157 762 4215 stix,
795 4159 919 4205 Zum
959 4156 1434 4220 Spraclcyebrauch
1475 4158 1565 4206 des
1605 4133 1844 4205 Hilarius
1880 4171 1977 4205 von
2023 4156 2250 4205 Poitiers
2291 4157 2346 4204 in
2379 4156 2553 4204 scine)-

405 4230 619 4293 Schrift
647 4230 719 4277 De
741 4229 1018 4288 Trinitate3
1048 4229 1297 4289 Rottveil,
1327 4232 1464 4278 1891.

2318 4321 2336 4370 1
