3371 4999
1398 415 1734 468 ...85-

1191 609 1263 669 11.
1314 644 1392 653 -—
1434 610 1515 671 De
1557 609 1944 689 superlativo

569 784 1001 867 Reperiuntur
1032 791 1305 863 quatuor
1343 790 1590 843 tantum
1632 781 2020 863 superlativa
2052 803 2193 864 quae
2228 804 2267 843 a
2311 785 2637 845 communi

489 881 949 944 consuetudine
978 880 1346 942 discedant:

493 1023 976 1079 Demersissimus
1160 1024 1219 1076 in
1247 1023 1644 1089 demersissimo
1685 1021 1907 1075 erroris
1951 1022 2246 1091 profundo
2297 1021 2539 1077 locati...
2573 1026 2638 1076 1η

631 1114 835 1167 Psalm.
871 1116 959 1178 64,
1003 1117 1053 1166 3.
2029 1160 2041 1169 ,
2267 1152 2273 1161 ,

490 1202 880 1271 Impiissimus
1080 1202 1418 1270 impiissimis
1454 1200 1610 1253 vitiis
1658 1217 1726 1254 ac
1765 1199 2152 1271 religionibus
2197 1201 2523 1254 subditas...
2575 1203 2634 1253 1η

610 1293 831 1345 Ῥεαίτη.
868 1294 955 1359 52,
990 1294 1076 1345 20.
1112 1290 1196 1344 Cf.
1226 1290 1468 1356 Goelzer‚
1516 1307 1572 1358 p.
1606 1293 1745 1354 286;
1780 1320 1844 1327 -
1877 1290 2057 1357 Neue,
2082 1290 2150 1357 ΙΙ,
2180 1306 2235 1358 p.
2267 1292 2388 1343 206.

490 1380 912 1435 Meritissimus
1078 1381 1429 1432 meritissima
1456 1379 1656 1448 impioe
1690 1377 2108 1431 obstinationis
2149 1378 2313 1431 clade
2345 1394 2639 1447 percussa·

629 1474 835 1523 sunt...
868 1471 936 1521 In
966 1470 1172 1522 Psalm.
1200 1472 1318 1534 118,
1353 1471 1405 1535 8,
1442 1472 1528 1522 15.

489 1557 795 1612 Piissimus
967 1556 1083 1609 nisi
1108 1558 1361 1625 piissima
1392 1572 1461 1610 ea
1487 1572 1614 1609 esse
1653 1571 1760 1625 per
1785 1555 1843 1609 id
1873 1553 2365 1622 intellegantur...
2402 1558 2478 1608 De
2525 1557 2641 1608 Tri-

628 1647 755 1713 νηὶ,
795 1647 936 1711 Vlll,
958 1650 1009 1700 2.
1044 1645 1128 1699 Cf.
1165 1646 1407 1710 Goelzer,
1430 1662 1484 1715 p.
1517 1648 1641 1698 286.

491 1733 946 1790 Profanis'simus
1135 1734 1208 1788 ob
1261 1731 1676 1787 infidelitatem
1749 1733 1913 1802 origo
1955 1735 2343 1801 profanissimi
2399 1732 2633 1805 generis

628 1823 1011 1895 deputatur...
1041 1826 1107 1876 In
1137 1823 1339 1877 Psalm.
1370 1827 1458 1889 52,
1491 1826 1572 1877 19.

1201 2432 1484 2501 CAPUT
1534 2399 1921 2498 TERTmM

1019 2634 1108 2694 DE
1151 2632 1542 2694 VERBORUM
1582 2631 2097 2702 DEGLINATIONE,

1150 3062 1196 3122 1.
1244 3096 1322 3104 ——
1362 3062 1443 3124 De
1486 3059 1699 3124 verbis
1740 3059 1966 3121 activis

562 3246 655 3306 De
699 3246 1039 3306 verborum
1088 3245 1439 3312 activorum
1487 3243 1911 3306 declinatione
1957 3243 2115 3304 nihil
2163 3243 2335 3305 aliud
2378 3246 2629 3327 reperio

481 3363 671 3424 quam
703 3343 1019 3404 vocabula
1045 3343 1326 3417 insolita,
1364 3343 1668 3423 poterint,
1707 3341 2047 3421 sapuisset.
2247 3333 2252 3338 ⁰

729 3460 876 3515 forte
904 3468 1171 3534 quatuor
1202 3460 1301 3514 illa
1332 3477 1553 3532 genera
1579 3460 1902 3515 odorum...
1922 3459 2170 3530 singulis
2197 3477 2432 3531 quoque
2457 3477 2630 3533 gene-

692 3549 856 3604 ribus
873 3553 1125 3618 poterint
1156 3551 1649 3604 consummanda>
1693 3549 1984 3603 orationis
2020 3550 2277 3620 aptari...
2319 3554 2383 3604 In
2422 3552 2625 3604 Psalm.

697 3641 816 3704 140,
852 3643 902 3693 2.
937 3639 1020 3693 Cf.
1047 3640 1228 3707 Neue,
1268 3641 1334 3706 ll,
1363 3643 1485 3694 602.

723 3727 826 3782 sed
860 3727 1035 3781 fldem
1079 3728 1209 3797 ejus
1242 3729 1341 3798 qui
1372 3729 1431 3781 in
1478 3745 1539 3782 se
1573 3727 1720 3781 nihil
1764 3728 1880 3781 nisi
1914 3744 2268 3798 corporeum
2300 3735 2356 3783 et
2392 3728 2627 3783 carnale

690 3818 982 3885 sapuisset,
1017 3817 1343 3887 arguerit...
1380 3820 1453 3870 De
1486 3819 1715 3884 Trina„
1744 3817 1834 3884 lx,
1867 3821 1950 3871 18.

562 3959 842 4021 Verbum
887 3960 1226 4044 indulgere
1269 3961 1348 4022 ad
1402 3962 1656 4022 tertiam
1687 3961 2176 4023 declinationem
2220 3964 2623 4027 transfertur.

478 4057 577 4119 Cf.
611 4056 808 4131 Neue,
843 4057 920 4131 ll,
956 4062 1094 4119 427.
1218 4058 1224 4062 ’

727 4181 851 4234 hanc
888 4180 1023 4235 filiis
1073 4183 1214 4237 Sion
1253 4182 1510 4254 cognitio
1552 4182 1707 4254 regis
1741 4182 2057 4249 inclulqit...
2086 4188 2150 4238 In
2181 4187 2383 4241 Psalm.
2418 4190 2538 4254 149,
2573 4191 2624 4243 4.
