3371 4999
1269 614 1569 678 Addenda
1609 614 1831 687 lexicis

567 766 945 837 Nonnullis
971 767 1038 834 S.
1069 767 1377 834 Hilarius
1419 769 1643 836 utitur
1677 767 2036 837 vocabulis
2078 791 2232 860 quae
2272 771 2347 837 in
2386 769 2632 839 lexicis

480 880 563 948 ad
598 869 727 949 hoo
751 887 1030 973 tempus
1053 881 1258 949 editis
1289 904 1432 948 non
1460 883 1910 971 reperiuntur
1934 904 1949 964 3
1979 882 2127 950 haec
2160 892 2323 951 sunt
2350 907 2363 953 :

557 1049 954 1110 Adblandiri
1007 1049 1095 1131 (p.
1139 1050 1267 1131 42),
1331 1052 1727 1111 concreditas
1790 1049 1878 1131 (p.
1926 1051 2050 1130 18),
2109 1054 2635 1127 ‘cointemporalis

482 1145 571 1228 (p.
617 1146 744 1226 34),
804 1167 1149 1225 concapere
1206 1148 1292 1229 (p.
1337 1147 1466 1227 43),
1528 1151 1909 1225 conqiynere
1955 1147 2041 1229 (p.
2090 1149 2220 1230 43),
2280 1151 2635 1208 consubsis-

479 1253 612 1304 tens
655 1243 741 1326 (p.
773 1245 900 1325 35),
943 1248 1249 1306 contuitio
1295 1246 1381 1326 (p.
1416 1245 1542 1326 20),
1579 1248 1995 1323 eaeaequabilis
2042 1246 2125 1326 (p.
2167 1247 2291 1326 38),
2326 1255 2635 1325 frequen-

480 1344 695 1402 tabilis
731 1343 818 1423 (p.
854 1342 980 1422 33),
1015 1345 1514 1420 inconceptibilis
1549 1342 1634 1424 (p.
1673 1343 1799 1424 36),
1835 1346 2349 1420 inconspicabilis
2381 1344 2469 1425 (p.
2505 1345 2630 1425 36),

479 1442 884 1500 indemutare
925 1444 1012 1522 (p.
1047 1441 1176 1520 44),
1241 1443 1637 1501 inevolubilis
1678 1441 1765 1522 (p.
1801 1442 1927 1522 36),
1973 1445 2336 1502 ineoecessus
2384 1442 2473 1524 (p.
2507 1443 2633 1522 37),

479 1540 889 1598 ininitiabilis
921 1538 1008 1620 (p.
1040 1539 1166 1619 36),
1202 1541 1625 1598 inintellectus
1661 1539 1750 1619 (p.
1782 1539 1907 1619 24),
1937 1542 2349 1615 parabolicus
2378 1539 2466 1620 (p.
2508 1540 2632 1621 40),

466 1640 825 1712 paraclesis
851 1634 939 1716 (p.
962 1636 1097 1716 28),
1122 1648 1514 1713 paupertare
1555 1636 1641 1718 (p.
1675 1637 1805 1717 41),
1834 1639 2155 1713 pecudea-s
2186 1636 2275 1718 (p.
2310 1639 2434 1716 33),
2466 1657 2635 1713 prae-

477 1738 713 1811 cerptio
751 1737 839 1815 (p.
874 1736 994 1814 22),
1031 1737 1383 1811 praeteritor
1423 1734 1508 1815 (p.
1546 1736 1672 1815 17),
1712 1736 2119 1812 reprovehere
2164 1735 2254 1815 (p.
2290 1735 2419 1812 45),
2466 1738 2633 1795 theo-

482 1842 605 1893 τοία
638 1833 723 1914 (p.
759 1834 879 1913 29).
1767 1850 1770 1853 ’

574 1998 698 2065 His
759 1997 1011 2065 addere
1059 1997 1264 2087 juvat
1334 1998 1548 2088 (quod
1601 2020 1811 2065 nemo
1871 2020 2033 2065 sane
2089 1998 2384 2065 moleste
2440 1998 2636 2088 feret)

485 2112 805 2201 quaedam
847 2111 987 2179 alia
1020 2134 1173 2201 quae
1214 2112 1668 2202 reperiuntur
1693 2112 1766 2177 in
1807 2110 2007 2203 libris
2049 2112 2169 2200 qui
2198 2134 2237 2178 a
2270 2110 2337 2178 S.
2365 2111 2636 2178 Hilario

484 2226 855 2314 conscripti
888 2231 1078 2292 certo
1120 2225 1258 2293 dici
1292 2248 1435 2292 non
1479 2230 1812 2314 possunt3
1861 2223 2008 2292 haec
2048 2230 2211 2291 sunt
2257 2245 2270 2291 ε

565 2364 1028 2461 Fofnicatoria,
1049 2407 1122 2448 ee.
1143 2391 1251 2446 Ex
1270 2406 1451 2463 opere
1471 2389 1718 2460 histor„
1736 2385 1845 2460 ΙΙΙ,
1868 2388 1905 2445 9
1922 2405 1934 2459 ;
1952 2383 2284 2466 —Migne,
2305 2382 2385 2459 X,
2407 2403 2469 2464 p.
2492 2385 2632 2443 665.

565 2484 1081 2567 Insumptuosus.
1114 2489 1331 2576 Epist.⁸
1354 2486 1444 2546 ad
1482 2487 1756 2559 Abram,
1786 2487 1861 2560 5;
1903 2521 1973 2529 --
2008 2482 2250 2565 Migne,
2287 2480 2364 2556 X,
2395 2502 2457 2563 p.
2493 2483 2632 2541 551.

566 2582 953 2645 Pertemere.
1003 2588 1112 2643 Ea)
1167 2604 1268 2659 op.
1316 2585 1491 2657 hist„
1536 2582 1646 2653 ΙΙΙ,
1703 2586 1815 2656 103
1868 2618 1946 2627 —
1981 2580 2227 2663 Migne,
2269 2579 2347 2653 X,
2389 2601 2450 2661 p.
2492 2580 2631 2642 666.

566 2680 906 2765 Signantia
937 2681 1194 2763 (verbi).
1225 2684 1307 2740 In
1337 2686 1583 2741 Psalm.
1618 2684 1721 2756 41,
1762 2685 1833 2754 4;
1860 2716 1935 2724 -
1962 2678 2207 2761 Migne,
2239 2677 2350 2749 IX,
2385 2698 2447 2758 p.
2491 2679 2632 2738 902.

565 2770 1066 2841 Snbfecundare.
1100 2782 1302 2855 Epist.
1339 2799 1451 2839 seu
1488 2781 1754 2852 libellus,
1793 2780 1869 2851 53
1912 2813 1989 2820 —
2018 2776 2263 2855 Migne,
2296 2774 2373 2848 X,
2400 2795 2463 2856 p.
2495 2776 2631 2835 737.

565 2876 1027 2958 Supervocare.
1063 2880 1148 2936 In
1178 2880 1427 2937 Psalm.
1465 2879 1564 2948 41,
1605 2878 1674 2935 11
1706 2895 1718 2948 ;
1752 2911 1829 2920 -
1855 2868 2103 2956 Migne,
2138 2873 2248 2947 IX,
2279 2894 2341 2955 p.
2376 2875 2515 2933 907.
