3371 4999
1415 459 1751 510 -19—

425 647 430 651 -
513 608 797 663 Graecitas
978 607 1247 678 plerique
1280 612 1479 662 autem
1509 609 1766 677 hymnos
1794 624 1866 660 ex
1905 607 2031 676 ipsa
2070 608 2376 674 97²aecitatis
2407 623 2660 683 usurpa-

654 698 814 750 tione
851 703 1240 766 posuerunt...
1274 699 1338 750 In
1368 698 1569 750 Psalm.
1604 699 1691 763 54,
1729 701 1745 749 1
1785 695 1895 767 (Cf.
1928 697 2153 763 Goelzer,
2189 713 2243 765 p.
2282 697 2425 765 102).

514 785 968 856 Impossibilitas
1149 793 1212 840 ut
1252 786 1751 854 impossibilitatem
1782 785 2183 857 generationis
2224 784 2419 854 ejus...
2455 802 2659 840 conso-

656 874 947 929 laretur...
984 878 1058 929 De
1101 878 1324 944 Trinit„
1366 877 1436 938 ΙΙ,
1480 879 1564 928 21.
1601 875 1769 944 Apul.
1804 875 1959 928 Tert.
1996 873 2102 945 (Cf.
2147 876 2374 942 Goelzer,
2407 893 2463 946 p.
2511 878 2656 944 102).

514 964 857 1019 Informitas
1040 965 1219 1035 recipi
1281 964 1494 1034 poterit
1547 963 1761 1017 belluae
1816 963 2075 1035 ingentis
2138 965 2527 1030 informitas...
2595 955 2657 1018 In

654 1054 878 1120 Mami„
909 1057 992 1129 19.
1030 1058 1116 1107 11.
1151 1056 1303 1108 Tert.
2451 1043 2458 1050 '

514 1141 959 1197 Innascibilitas
1141 1143 1277 1212 quia
1333 1143 1737 1206 innascibilitas
1786 1141 1914 1195 sola
1956 1158 2139 1211 penes
2178 1157 2367 1195 unum
2410 1143 2551 1198 sit...
2584 1146 2659 1196 De

657 1232 890 1300 Synod„
923 1235 1009 1285 60.

513 1321 942 1390 Irreliqiositas
1020 1312 1079 1375 ⁸...
1123 1322 1247 1374 hinc
1310 1321 1390 1375 ita
1430 1306 1844 1391 intelle-gere...
1898 1322 2334 1387 irreligiositatis
2380 1326 2659 1375 extrema}

659 1416 812 1463 est...
843 1411 909 1463 In
936 1413 1139 1465 Psalm.
1177 1414 1296 1478 146,
1334 1414 1418 1464 11.
1454 1413 1607 1464 Tert.
1640 1412 1795 1463 iren.
2570 1405 2573 1408 ’

510 1498 745 1567 sagitas
928 1499 1199 1553 distinxit
1232 1505 1429 1552 autem
1476 1514 1737 1568 prensens
1778 1498 2039 1552 officium
2090 1499 2160 1552 ab
2209 1497 2660 1558 indefessajlla

659 1588 925 1657 perpetui
975 1587 1150 1641 officii
1183 1589 1502 1655 jussitate...
1552 1589 1618 1641 In
1648 1589 1852 1642 Psalm.
1917 1591 2037 1654 118,
2098 1591 2151 1653 6,
2196 1592 2224 1640 7
2261 1587 2365 1657 (Cf.
2409 1589 2655 1653 mensch,

656 1694 710 1746 p.
741 1677 851 1746 54).

512 1766 809 1820 Nativitas
990 1767 1183 1820 tenuit
1212 1772 1411 1820 autem
1453 1766 1659 1820 beatus
1701 1765 2013 1836 Apostolus
2054 1783 2267 1820 novam
2305 1766 2457 1819 hanc
2491 1766 2549 1819 in
2590 1783 2657 1819 eo

655 1855 1026 1925 temporaria>
1071 1855 1251 1925 hujus
1288 1857 1600 1909 nativitatis
1651 1856 2035 1910 discretam...
2089 1854 2654 1926 significationem...

654 1946 720 1996 In
772 1946 972 1997 Psalm.
1021 1949 1072 2011 2,
1130 1945 1215 1998 28.
1250 1946 1464 1999 Minue.
1497 1976 1564 1983 —-
1596 1945 1712 1998 Fel.
1762 1946 1913 1998 Tert.
1951 1944 2058 2014 (Cf.
2095 1945 2341 2010 mensch,
2376 1960 2431 2013 p.
2467 1948 2563 2009 52;
2591 1976 2658 1982 —-

655 2033 879 2097 Goelzer,
914 2051 970 2103 p.
1003 2034 1148 2103 103).
1652 2089 1661 2095 ,
1899 2035 1901 2038 ’

510 2123 917 2177 Numerositas
1098 2123 1319 2178 sobolis
1342 2126 1791 2177 numerositatem
1821 2122 2290 2192 pollicebatur...
2317 2125 2392 2176 De
2426 2125 2653 2189 Trina„

654 2213 719 2280 X,
743 2217 830 2267 68.
861 2214 1014 2266 Tert.

513 2301 850 2356 Paternitas
1033 2318 1103 2354 ex
1136 2319 1250 2371 quo
1293 2302 1490 2355 omnis
1520 2293 1839 2370 paternitas
1869 2302 1931 2354 in
1965 2300 2106 2353 offilo
2156 2306 2214 2354 et
2248 2300 2307 2353 in
2340 2301 2515 2354 terris
2546 2317 2657 2354 no-

654 2390 984 2444 minatur...
1022 2392 1094 2443 De
1126 2391 1356 2458 Synod„
1401 2394 1468 2445 38
1497 2391 1603 2461 (Cf.
1634 2391 1861 2455 Goelzer,
1889 2408 1944 2465 p.
1985 2391 2126 2461 103).

511 2479 901 2535 Postremitas
1081 2480 1196 2533 nisi
1229 2480 1286 2534 in
1321 2495 1388 2534 ea
1437 2481 1615 2535 totius
1661 2472 2063 2536 universitatis
2097 2483 2459 2550 postremitas
2504 2481 2638 2546 erit,

653 2585 776 2622 non
827 2569 937 2622 erit
988 2568 1190 2622 finis...
1241 2571 1307 2622 In
1360 2572 1564 2623 Psaln‘e.
1612 2575 1663 2632 9,
1725 2574 1777 2623 2.
1835 2572 1988 2624 Tert.
2037 2572 2190 2624 Iren.
2246 2571 2349 2641 (Cf.
2407 2572 2655 2632 Rieu-sch,

657 2675 712 2727 p.
750 2658 858 2728 54).

514 2747 748 2802 Puritas
931 2764 1066 2802 cum
1121 2749 1191 2802 de
1244 2748 1615 2817 jejuniorum
1667 2751 1919 2816 puritate
1970 2748 2337 2819 loqueretur,
2393 2750 2535 2803 ait...
2591 2751 2653 2802 In

608 2853 609 2858 ¹
652 2837 860 2889 Psalm.
898 2839 1016 2905 140,
1046 2840 1096 2890 9.
1123 2837 1367 2906 Capitol.
1395 2839 1539 2890 Arn.
1575 2837 1679 2908 (Cf.
1715 2838 1941 2904 Goelzer,
1974 2855 2028 2907 p.
2067 2837 2210 2907 103).

511 2924 889 2981 Sollemnitas
1070 2928 1495 2981 sollemnitatem
1548 2942 1614 2980 ac
1672 2925 1937 2982 laetitiam
1996 2928 2112 2981 diei
2180 2926 2379 2995 hujus,
2450 2943 2657 2980 omnes

651 3016 834 3069 Judaei
884 3016 943 3068 in
977 3032 1107 3069 eam
1151 3015 1472 3087 gloriantes
1511 3017 1887 3070 introeunt...
1932 3018 1996 3068 In
2037 3018 2240 3070 Psalm.
2286 3019 2374 3082 91,
2417 3022 2467 3071 2.
2512 3015 2655 3070 Gell.

654 3106 809 3157 Tert.
841 3104 1024 3159 Solin.
1058 3105 1346 3175 Lamprid.
1383 3105 1488 3175 (Cf.
1524 3105 1744 3171 Goelzer,
1780 3121 1835 3174 p.
1873 3105 2014 3174 104).

592 3242 654 3322 li)
700 3241 970 3303 Nomina
997 3242 1289 3303 cadentia
1325 3243 1387 3303 in
1418 3248 1557 3303 -tio.

509 3366 882 3422 Abominatio
925 3397 929 3404 «
1066 3366 1402 3421 abominatio
1434 3384 1504 3420 ex
1532 3384 1599 3420 eo
1628 3368 1820 3421 dictus
1852 3368 2077 3437 quod...
2105 3369 2393 3422 honorem
2417 3369 2524 3422 sibi
2555 3370 2655 3423 Dei

655 3456 981 3510 vindicet...
1016 3460 1082 3509 In
1113 3458 1336 3524 Mami„
1366 3461 1452 3523 25,
1484 3461 1533 3511 3.
1569 3458 1721 3510 Tert.
1759 3459 1911 3511 Lact.
1950 3457 2055 3528 (Cf.
2089 3459 2337 3526 Roensch,
2367 3475 2424 3527 p.
2459 3464 2556 3524 69;
2590 3491 2656 3497 —

655 3545 879 3611 Goelzer,
915 3564 969 3616 p.
1004 3547 1112 3615 6-2).

511 3633 822 3690 Abstentio
989 3636 1258 3688 abstentio
1289 3635 1666 3704 superiorum
1697 3635 1924 3689 inutilis
1955 3641 2108 3689 est...
2141 3639 2207 3689 In
2236 3637 2437 3689 Psalm.
2477 3640 2526 3701 1,
2571 3640 2654 3689 11.

509 3724 815 3778 Accinctio
989 3726 1255 3778 accinctio
1286 3726 1562 3794 potentia)
1605 3724 1657 3778 ei
1690 3726 1849 3793 quod
1879 3725 2181 3795 indigebat
2212 3725 2444 3794 corpori
2478 3741 2658 3795 coop-

653 3817 878 3865 tatur...
912 3816 978 3865 In
1004 3815 1207 3866 Psalm.
1241 3817 1328 3879 64,
1358 3818 1388 3867 9
1421 3814 1528 3871 (Cf.
1564 3815 1787 3880 Gaelzer,
1822 3831 1874 3883 p.
1906 3815 2016 3883 63).

510 3900 868 3970 Adimpletio
1042 3918 1176 3956 cum
1211 3904 1449 3971 quando
1481 3909 1614 3971 post
1656 3903 2109 3972 adimpletionem
2139 3902 2286 3974 legis
2312 3903 2370 3955 in
2404 3902 2654 3969 Christ0‚

652 3989 820 4060 plebs
872 3989 1017 4061 legis
1070 3992 1444 4062 impugnet...
1491 3994 1557 4044 In
1609 3993 1830 4058 Matth„
1867 3996 1951 4058 12,
2006 3995 2089 4046 13.
2136 3992 2288 4045 Tert.
2348 3993 2501 4046 Lact.
2547 3992 2652 4063 (Cf.

652 4081 894 4146 Rae-nsok„
926 4097 981 4150 p.
1012 4085 1109 4146 69;
1142 4112 1210 4119 —
1240 4081 1464 4147 δαείην,
1494 4099 1547 4151 p.
1583 4081 1693 4151 63).

502 4169 856 4229 'Adversatio
1040 4186 1175 4223 cum
1217 4171 1532 4224 adversatio
1577 4170 1707 4239 ejus
1751 4170 1929 4240 plena
1973 4172 2344 4226 confusionis
2398 4172 2540 4226 sit...
2582 4174 2657 4225 De

656 4261 875 4325 Trina„
910 4260 999 4324 IV,
1028 4262 1113 4314 41.
1151 4243 1302 4313 Tert.
