3371 4999
1666 426 2037 478 ——132—

772 567 982 628 lorum
1027 574 1415 627 structuram
1461 566 1581 628 hoc
1627 566 1945 649 singulari
1984 564 2173 625 modo
2216 562 2428 624 reddit
2476 563 2547 625 S.
2595 562 2927 625 Hilarius:

773 665 839 727 in
865 664 1077 726 locum
1113 664 1406 725 infinitivi
1437 665 1543 747 qui
1574 664 1769 726 latine
1811 684 1955 725 cum
1984 661 2549 745 praepositionibus
2583 661 2778 743 jungi
2808 680 2934 721 non

771 771 1008 845 potest,
1025 763 1331 844 supponit
1362 766 1429 822 id
1459 767 1627 841 quod
1652 782 1797 823 cum
1828 761 2023 822 verbo
2051 761 2114 821 in
2146 759 2335 820 modo
2352 759 2928 841 personaliposit0‚

772 861 977 943 iisque
1006 852 1440 921 locutionibus
1470 860 1790 943 praeponit
1819 861 1923 935 ad,
1958 859 2046 934 in,
2079 859 2178 933 de,
2211 877 2308 933 θΧ,
2341 875 2476 939 per,
2501 863 2701 938 post&

774 991 830 1040 1⁰
868 985 953 1040 Ad
1137 983 1345 1055 (pater)
1397 985 1471 1037 ad
1519 984 1578 1038 id
1624 984 1786 1054 quod
1848 984 1931 1037 ita
1974 987 2174 1037 manet
2208 979 2361 1051 (est),
2413 981 2526 1036 sibi
2593 981 2721 1051 ipse
2774 981 2934 1037 suffi-

913 1075 1146 1129 cienS...
1199 1076 1271 1127 De
1313 1076 1539 1142 Trinit„
1588 1073 1685 1140 III,
1720 1077 1753 1127 2
1781 1073 1876 1143 (ad
1925 1072 1986 1126 id
2032 1072 2191 1142 quod
2234 1071 2316 1125 ita
2364 1075 2566 1126 manet
2606 1092 2677 1120 r:
2712 1071 2836 1142 πρὸς
2874 1071 2933 1124 τὸ

915 1163 1074 1225 οὕτως
1102 1161 1270 1232 εἶναι).

1081 1251 1282 1305 omnia
1321 1267 1429 1321 per
1467 1251 1750 1305 virtutem
1802 1250 1906 1304 Dei
1939 1250 2094 1304 adid
2122 1249 2273 1320 quod
2299 1254 2433 1303 sunt
2470 1253 2819 1304 creantur...
2853 1251 2930 1303 De

913 1342 1137 1405 Trinit„
1170 1341 1290 1406 XII,
1322 1344 1388 1394 16
1421 1340 1516 1410 (ad
1540 1340 1598 1394 id
1627 1339 1788 1410 quod
1816 1345 1956 1394 sunt
1977 1361 2049 1388 z
2077 1338 2198 1409 πρὸς
2220 1338 2277 1391 τὸ
2303 1339 2561 1400 τοιούτους
2593 1337 2769 1409 εἶναι).

771 1435 829 1485 20
868 1431 946 1486 De
1124 1429 1249 1483 hacc
1281 1429 1459 1500 Igitur
1516 1428 1657 1483 licet
1688 1435 1919 1483 mutare
1978 1429 2044 1481 de
2092 1444 2154 1482 eo
2190 1428 2342 1498 quod
2391 1429 2504 1482 sint
2547 1426 2715 1481 nullo
2748 1427 2926 1482 modo

910 1519 1208 1589 possint...
1242 1521 1318 1571 De
1342 1520 1568 1586 Trinit„
1603 1517 1672 1585 ΙΙ,
1706 1521 1775 1572 24
1807 1517 1902 1588 (de
1936 1534 2003 1571 eo
2032 1517 2190 1588 quod
2228 1517 2440 1570 sint:
2461 1516 2513 1569 ἐκ
2542 1523 2631 1569 τοῦ
2672 1517 2931 1577 τοιούτους

918 1606 1094 1677 εἶναι).

770 1700 828 1752 30
866 1697 946 1751 Ex
1153 1700 1218 1749 ut
1250 1695 1582 1765 ‘(Ariani)...
1644 1694 2023 1765 unigenitum
2088 1695 2276 1748 Deum
2329 1694 2532 1748 sensui
2587 1699 2927 1765 temporum

915 1785 1239 1840 subdant...
1268 1788 1445 1855 atque
1473 1784 1606 1838 ideo
1629 1801 1699 1837 ecc
1723 1800 1785 1837 eo
1811 1785 1962 1853 quod
1987 1800 2097 1837 non
2123 1785 2240 1851 fuit
2268 1788 2476 1838 natum
2503 1799 2632 1838 esse
2656 1784 2926 1840 dIcant...

912 1877 990 1928 Dc
1022 1875 1245 1938 Trinit„
1282 1874 1321 1939 Ι,
1355 1875 1422 1926 34
1463 1872 1559 1942 (ex
1589 1888 1658 1926 eo
1692 1873 1851 1942 quod
1882 1889 2002 1925 non
2032 1871 2141 1926 fuit
2180 1893 2251 1921 z
2294 1871 2347 1923 ἐκ
2374 1877 2466 1924 τοῦ
2496 1871 2561 1942 μὴ
2588 1874 2925 1944 γεγενῆσθαι).

773 1965 830 2016 4⁰
860 1964 928 2018 In
968 1980 980 2016 :
1013 1961 1067 2032 a)
1111 1962 1244 2016 Cum
1275 1963 1633 2017 accusativo:
1757 1977 2016 2016 nascens
2052 1960 2297 2014 hodie...
2342 1961 2402 2014 in
2439 1961 2501 2014 id
2525 1962 2680 2032 quod
2723 1969 2823 2029 est,
2856 1979 2928 2017 ex

914 2067 983 2105 eo
1029 2050 1188 2121 quod
1228 2066 1350 2104 non
1410 2050 1543 2118 fuit,
1590 2051 1836 2120 coepit...
1878 2053 1953 2104 De
2008 2053 2233 2117 Trina„
2281 2050 2401 2117 XII,
2446 2054 2511 2106 16
2555 2050 2639 2119 (ln
2680 2051 2736 2105 id
2768 2053 2928 2122 quod

915 2145 1004 2195 est
1030 2161 1102 2188 Σ
1129 2138 1251 2210 πρὸς
1278 2138 1335 2192 τὸ
1362 2145 1591 2191 τοιοῦτον
1622 2138 1793 2209 εἶναι).
2981 2205 2985 2208 ⁴

985 2227 1042 2298 b)
1077 2229 1211 2281 Cum
1265 2228 1552 2281 ablativo:
1690 2228 1849 2297 quod
1890 2228 1938 2282 si
1990 2234 2228 2282 creatus
2277 2228 2475 2297 potius
2521 2245 2701 2299 quam
2749 2235 2930 2285 natus

914 2316 1210 2372 videbitur
1240 2319 1298 2369 in
1336 2333 1399 2369 eo
1425 2316 1625 2385 quoda
1653 2319 1772 2370 Deo
1803 2324 1950 2372 est...
1982 2320 2059 2371 De
2088 2319 2312 2384 Trinit„
2351 2319 2436 2384 VI,
2469 2321 2536 2372 28
2564 2317 2650 2388 (in
2678 2335 2747 2373 eo
2771 2319 2930 2389 quod

917 2412 1006 2460 est
1032 2426 1104 2454 r:
1125 2405 1171 2458 ἐν
1202 2417 1276 2476 τῷ
1304 2404 1475 2476 εἶναι).

770 2499 828 2552 50
867 2496 977 2552 Per
1154 2512 1259 2564 per
1298 2494 1531 2565 icl‘quod
1562 2495 1622 2549 in
1651 2494 1839 2567 gloria
1863 2495 1967 2551 Dei
1993 2503 2093 2564 est,
2123 2512 2283 2551 exeo
2314 2495 2377 2550 in
2404 2495 2579 2567 cujus
2604 2495 2796 2567 gloria
2819 2502 2925 2566 est,

914 2585 1173 2639 hahetin
1205 2601 1266 2639 se
1300 2583 1569 2639 naturale
1594 2585 1753 2654 quod
1779 2588 1935 2639 Deus
1973 2591 2127 2640 est...
2162 2588 2238 2639 De
2272 2588 2496 2653 Triuia,
2523 2586 2668 2652 VIII,
2697 2588 2764 2639 47
2805 2587 2932 2657 (per

914 2675 971 2729 id
1003 2674 1162 2744 quod
1195 2678 1373 2727 est:
1400 2672 1481 2725 διὰ
1511 2673 1569 2726 τὸ
1602 2673 1771 2746 εἶναι).

772 2768 830 2819 60
872 2763 1011 2819 Post
1193 2763 1466 2816 nativitas
1509 2762 1708 2832 ejuS...
1752 2770 1880 2832 post
1923 2764 1982 2817 id
2030 2762 2181 2833 quod
2222 2779 2333 2817 non
2377 2765 2491 2830 fuit
2530 2767 2800 2818 manet...
2853 2766 2929 2818 De

919 2854 1141 2916 Trinit„
1196 2853 1316 2919 XII,
1384 2856 1449 2906 16
1523 2843 1696 2922 (post⁷
1729 2852 1786 2906 id
1841 2852 2000 2923 quod
2060 2868 2182 2906 non
2250 2852 2363 2906 fuit
2417 2874 2489 2901 :z
2555 2853 2680 2923 μετὰ
2745 2852 2802 2906 τὸ
2861 2853 2927 2923 μὴ

915 2941 1254 3012 γεγενῆσθαι).

1474 3095 1569 3156 VI.
1603 3131 1680 3139 —-
1709 3097 1791 3158 De
1820 3094 2263 3177 conjunctione

1223 3215 1280 3272 1⁰
1332 3229 1408 3272 nr:
1457 3227 2030 3272 CONJUNCTloNIBUS
2059 3228 2474 3273 cOPULAT1v1s

859 3354 919 3410 10
951 3349 1417 3431 Conjunctione
1455 3356 1520 3412 et
1558 3348 1909 3409 insolenter
1944 3348 2422 3430 conjunguntur
2450 3349 2764 3410 vocabula
2791 3369 2933 3431 quae

777 3447 1203 3530 disjungenda
1231 3456 1379 3507 sunt
1400 3447 1446 3507 ².

1023 3570 1124 3640 qui
1165 3570 1228 3623 in
1270 3569 1580 3639 prophetis
1623 3568 1926 3639 lapidavit,
1970 3568 2207 3635 cecidit,
2250 3570 2441 3623 secuit
2469 3577 2522 3624 et
2553 3570 2836 3625 occidit...
2867 3571 2934 3623 In

988 3656 1192 3726 Psalm.
1233 3657 1314 3722 13,
1349 3656 1401 3707 5.

861 3795 923 3852 2⁰
964 3792 1038 3854 Et
1074 3791 1270 3854 etiam
1300 3810 1420 3871 pro
1453 3800 1642 3867 atque
1669 3795 1883 3850 eclam.

1014 3931 1358 3986 quanquam
1396 3913 1590 3967 odisse
1622 3913 1845 3983 scripta
1889 3914 1986 3981 sit,
2016 3920 2070 3967 et
2105 3917 2272 3967 etiam
2304 3913 2364 3967 in
2392 3913 2749 3984 quibusdam
2776 3930 2934 3969 com-

993 4005 1295 4074 placere...
1324 4006 1401 4057 De
1430 4005 1655 4068 Trinit„
1691 4003 1757 4071 X,
1785 4006 1871 4057 58.

845 4159 890 4205 1.
929 4156 1004 4205 Cf.
1034 4156 1169 4214 stix,
1203 4156 1225 4216 Ξ
1252 4156 1297 4212 1,
1323 4155 1367 4213 8,
1395 4166 1447 4216 p.
1483 4154 1539 4201 15
1564 4154 1753 4213 etseq.

843 4229 887 4276 2.
928 4226 1002 4275 Cr.
1033 4227 1315 4283 Riemann,
1348 4225 1369 4285 Ξ
1401 4225 1507 4283 271,
1533 4238 1584 4286 p.
1615 4225 1722 4271 503.
