3371 4999
1720 467 1822 479 —-
1859 443 1958 494 122
2006 467 2108 482 --

1072 590 1417 659 irreligiosis
1448 591 1678 657 mundi,
1708 590 2195 661 imperfectisque
2229 592 2516 646 doctrinis
2545 609 2651 662 per
2675 592 2985 736 scientiam

1040 680 1333 749 sapientis
1400 682 1815 749 omnipotentiae
1884 680 2397 751 (omnipotentis).
2409 724 2419 735 .
2490 682 2832 736 contraire..
2915 683 2986 734 De

1047 771 1271 834 Trinit„
1293 771 1410 837 XII,
1445 774 1532 823 20.
1582 778 1583 781 ’

1003 900 1037 912 ..
1098 874 1218 912 non
1297 858 1474 913 habet
1544 859 1962 913 necessitatem
2037 859 2488 914 contiadicendi
2538 859 2648 914 sibi
2715 858 2986 917 absoluta

1041 949 1378 1016 perversitas
1407 947 1535 1018 (viri
1568 948 1920 1018 perverst)
1957 950 2030 1002 De
2061 948 2292 1017 Synod„
2327 952 2413 1001 52.

915 1074 970 1152 b)
1013 1072 1212 1133 Multa
1240 1072 1339 1133 vel
1369 1072 1829 1161 gerundiorum
1854 1073 1952 1133 vel
1972 1072 2429 1154 adjectivorum
2460 1075 2522 1134 in
2545 1074 2737 1137 -ndus
2762 1075 2986 1135 caden-

831 1171 992 1230 tium
1019 1170 1231 1231 locum
1254 1179 1471 1232 tenent
1493 1180 1555 1231 et
1585 1191 1730 1231 cum
1761 1171 2325 1252 praepositionibus
2356 1175 2461 1246 acl,
2484 1178 2569 1243 in,
2592 1172 2975 1254 junguntur.

1027 1295 1294 1350 ,divine
1347 1295 1492 1367 legis
1560 1296 1707 1350 ordo
1776 1312 1847 1350 ex
1916 1295 2014 1350 illo
2092 1295 2528 1351 elementmum
2594 1295 2985 1351 caelestium..

1002 1339 1213 1439 ‘motu
1262 1385 1335 1438 ad
1379 1385 1508 1439 belli
1559 1401 1773 1439 moram
1810 1385 1906 1455 (ad
1938 1385 2160 1440 bellum
2195 1385 2575 1456 morandum)
2607 1386 2862 1439 r.estitit.
2875 1388 2985 1439 .In

1047 1474 1244 1528 Psalm.
1275 1478 1474 1538 51,19.
2836 1546 2840 1551 ἡ

1065 1562 1270 1617 salutis
1323 1562 1501 1632 hujus
1553 1564 1628 1617 ad
1677 1564 1808 1630 fidei
1855 1566 2174 1630 firmitatem
2223 1562 2321 1633 (ad
2375 1564 2730 1618 firmandam
2784 1563 2982 1634 fidem)

1045 1653 1347 1707 noscenda
1374 1657 1462 1706 est
1492 1652 1864 1722 prophetia...
1902 1655 1969 1706 In
1999 1652 2201 1706 Psalm.
2233 1656 2321 1719 59,
2352 1657 2402 1709 6.
2531 1657 2534 1661 ⁴

1070 1758 1207 1796 cum
1253 1746 1542 1795 exeuntes
1591 1741 1660 1795 de
1709 1757 1955 1810 corpore
1990 1742 2063 1793 ad
2093 1744 2388 1794 introitum
2418 1743 2579 1795 ‘illum
2609 1742 2771 1808 regyni
2813 1741 2987 1795 cecles-

1049 1832 1182 1884 tis...
1229 1831 1691 1885 reservabuntur
1735 1830 1831 1899 (ad
1879 1829 2307 1885 introeundum
2342 1830 2420 1883 ita
2450 1830 2509 1884 in
2542 1830 2883 1909 regnum)...
2920 1832 2986 1883 In

1050 1921 1249 1974 l’salm.
1286 1924 1406 1987 120,
1436 1924 1519 1975 16.

974 2010 1466 2080 (firmamentum)
1491 2010 1679 2064 valida
1702 2010 1775 2063 ad
1793 2012 2254 2063 sustentationem
2278 2025 2557 2079 aquarum
2580 2009 2983 2078 superiorum;

1047 2102 1604 2168 temperationemque
1643 2102 1789 2152 aeris
1819 2099 2005 2155 nostri
2036 2098 2314 2154 firmitate
2346 2099 2614 2153 solidavit
2648 2098 2741 2168 (acl
2768 2104 2987 2151 susten-

1045 2188 1343 2241 tandum...
1373 2189 1447 2241 acl
1476 2188 1987 2256 temperandum)...
2023 2190 2088 2240 In
2118 2189 2317 2242 Psalm.
2351 2193 2470 2256 135,
2504 2194 2554 2242 9.

1077 2278 1179 2346 qui
1233 2278 1306 2333 ad
1355 2279 1856 2345 concupiscentiam
1901 2278 2047 2331 vidit
2086 2275 2469 2348 (mulierem),
2498 2276 2625 2345 jam
2659 2275 2987 2330 moechatus

1048 2366 1108 2420 in
1147 2367 1325 2420 corde
1358 2384 1465 2420 suo
1507 2372 1596 2419 est
1629 2367 1723 2436 (ad
1768 2367 2414 2437 concupiscendum)...
2449 2369 2515 2419 ln
2545 2367 2744 2419 Psalm.
2778 2367 2899 2432 139,
2932 2370 2984 2418 ’7.

970 2455 1117 2525 quid
1149 2455 1332 2510 enim‘
1354 2455 1605 2525 profecit
1639 2456 1921 2511 inimicus
1950 2455 2161 2510 ludam
2189 2456 2264 2510 ad
2291 2457 2636 2510 voluntatem
2662 2454 2986 2509 traditionis

1041 2544 1449 2617 inspirans?...
1482 2547 1548 2598 In
1584 2548 1791 2600 Psalm.
1830 2548 1949 2610 139,
1988 2550 2069 2598 11.

1078 2635 1358 2688 omnibus
1389 2636 1463 2688 acl
1501 2638 1940 2704 ‚qratuIationcm
1970 2636 2090 2703 ejus
2123 2634 2452 2704 laudemque
2483 2632 2863 2708 commonitis
2887 2631 3003 2701 (ad⁴

1036 2720 1528 2794 gratulandum...
1562 2726 1635 2779 ad
1668 2724 2127 2791 laudandum)...
2151 2726 2218 2776 In
2249 2724 2451 2776 Psalm.
2490 2726 2610 2791 150,
2650 2726 2697 2776 1.

1068 2813 1212 2882 ipsis
1256 2829 1318 2869 se
1358 2815 1620 2883 quodam
1661 2813 1838 2866 modo
1878 2812 2226 2882 corporibus
2257 2815 2554 2865 exuerunt
2580 2811 2653 2865 ad
2681 2815 2993 2890 inoressum

1044 2903 1148 2955 viae
1178 2903 1306 2958 talis
1332 2901 1545 2957 oblatis
1579 2902 1673 2971 (ad
1707 2901 2262 2972 ingrediendum)...
2293 2903 2358 2953 In
2388 2901 2588 2954 Matth.
2618 2904 2706 2966 21,
2732 2903 2784 2952 2.

1086 2993 1368 3047 claritatis
1400 2990 1658 3045 reditum
1689 2990 1981 3045 indicat...
2017 2992 2090 3044 act
2115 2991 2486 3043 collectionem
2517 2996 2837 3043 sanctorum
2865 2987 2996 3041 des-

1045 3083 1333 3136 tinatione
1366 3078 1728 3149 Angelorum
1778 3080 1874 3151 (ad
1912 3078 2275 3150 colligendos
2311 3079 2641 3150 sanctos)...
2670 3079 2736 3131 In
2772 3076 2953 3131 Matth
2978 3126 2992 3147 ‚

1045 3177 1132 3236 26,
1170 3175 1216 3224 1.

1066 3261 1177 3313 hoc
1226 3259 1419 3313 solum
1465 3259 1624 3329 quod
1662 3265 1839 3324 esset,
1884 3259 1959 3312 ad
1981 3260 2444 3326 protestationem
2476 3258 2840 3326 incorruptae
2863 3271 2984 3309 suae

1042 3351 1371 3403 {eternitatis
1403 3350 1664 3404 ostendit
1687 3349 1784 3420 (ad
1812 3347 2355 3418 protestandam)...
2388 3350 2462 3400 De
2493 3348 2718 3410 Trinit.,
2749 3345 2790 3413 Ι,
2822 3348 2872 3398 5.

1075 3453 1345 3509 usurpas,
1372 3456 1403 3492 o
1441 3427 1739 3503 haeretice,
1767 3438 1840 3491 ad
1865 3438 2260 3503 confessionem
2282 3434 2530 3488 solitarii
2557 3436 2656 3487 Dei
2681 3435 2866 3486 Patris
2896 3430 2990 3500 (ad

1043 3527 1544 3596 confitendum)...
1576 3530 1652 3580 Dc
1688 3529 1911 3590 Trinit„
1947 3526 2034 3591 IV,
2071 3528 2155 3578 40.

1079 3618 1344 3686 quinque
1375 3616 1552 3670 etiam
1576 3631 1761 3684 panes
1786 3615 1861 3668 ad
1884 3615 2063 3667 cibum
2089 3619 2259 3666 tantae
2277 3611 2660 3682 multitudinis
2682 3609 2994 3681 fregeratis

1045 3706 1139 3776 (ad
1172 3706 1582 3773 cibandum)...
1619 3707 1693 3758 De
1724 3706 1948 3770 Trina„
1982 3703 2069 3769 Vl,
2100 3706 2183 3755 33.

1069 3797 1225 3849 Deus
1271 3810 1406 3863 ergo
1444 3810 1556 3847 nec
1593 3793 1761 3863 ponit
1796 3792 2057 3846 animam
2086 3792 2159 3844 ad
2185 3796 2414 3843 mortem
2442 3790 2540 3859 (ad
2563 3787 2990 3858 moriendum),

1043 3900 1156 3937 nec
1187 3883 1439 3942 resumit
1469 3884 1736 3937 advitam
1762 3882 1858 3952 (ad
1889 3881 2297 3949 vivendum)...
2332 3882 2408 3932 De
2433 3880 2655 3946 Trinit.‚
2690 3880 2756 3947 X,
2792 3881 2876 3932 59.

1077 3972 1152 4026 ad
1192 3974 1627 4026 consolationem
1674 3978 1924 4024 nostram
1955 3976 2045 4024 est
2087 3970 2298 4022 missus
2326 3984 2359 4021 a
2391 3968 2540 4021 Filio
2574 3967 2671 4038 (ad
2704 3981 2993 4045 nostcon-

1044 4061 1417 4132 solandos)...
1452 4064 1528 4114 Dc
1559 4061 1793 4129 Synod„
1828 4063 1913 4113 52.

1078 4168 1245 4206 avem
1272 4149 1524 4221 legimus
1559 4151 1618 4203 in
1638 4157 1864 4220 pastum
1885 4150 2019 4203 Elia?
2047 4148 2387 4218 deputatam
2412 4147 2506 4217 (ad
2529 4144 2961 4216 pascendum)..
2978 4184 2991 4199 .

1042 4244 1109 4295 In
1142 4241 1342 4294 l'salm.
1377 4243 1499 4305 146,
1537 4244 1620 4294 12.
