3371 4999
1399 372 1771 425 —113—

719 536 870 575 verae
891 522 1128 592 pietatis
1157 523 1589 594 professionem
1610 540 1683 579 ex
1707 523 1851 594 ipsis
1881 539 2092 580 eorum
2114 525 2401 581 doctrinis
2417 532 2657 598 praesta-

721 610 960 666 bimus...
994 614 1071 665 De
1111 614 1338 679 Trinit„
1370 614 1431 678 V,
1468 615 1555 666 35.

546 734 549 735 ν
745 700 875 754 cibo
906 699 1006 754 illo
1038 704 1288 770 quamvis
1330 702 1388 755 in
1424 718 1691 771 praesens
1726 703 2080 757 salvamur...
2115 705 2181 756 In
2212 704 2416 758 Psalm.
2456 706 2655 773 64,14.

582 843 665 900 N.
699 841 775 900 B.
826 838 943 900 Hic
987 839 1328 922 dupliciter
1371 849 1594 923 peccat
1645 841 1714 903 S.
1771 841 2097 904 Hilarius:
2151 846 2212 903 1⁰
2260 843 2411 904 dum
2459 843 2661 905 utitur

507 939 850 997 indicativo
869 957 894 1015 ,·
923 940 986 997 2⁰
1018 937 1169 998 dum
1209 944 1506 1017 quamvis
1537 940 1601 999 in
1634 939 1848 1000 locum
1881 960 2259 1020 quanquam
2287 940 2385 1002 vel
2413 946 2663 1003 tametsi

507 1035 874 1116 supponit⁴.

578 1132 633 1212 c)
677 1132 893 1194 Utitur
922 1134 1115 1196 etiam
1145 1135 1210 1197 S.
1240 1134 1524 1195 Hilarius
1554 1134 1865 1196 vocabulo
1899 1135 2046 1199 licet
2071 1155 2186 1217 pro
2217 1156 2584 1218 quanquam
2605 1139 2653 1200 ².

756 1232 883 1286 licet
942 1238 1202 1303 paternae
1256 1234 1726 1304 nuncupationis
1779 1233 2110 1304 proprietas
2153 1235 2403 1304 differat,
2456 1239 2654 1291 tamen

712 1325 928 1375 natura
956 1338 1077 1377 non
1110 1323 1372 1378 differt...
1403 1327 1471 1377 In
1502 1325 1709 1378 Psalm.
1753 1326 1874 1389 138,
1912 1327 2000 1377 17.

584 1449 771 1527 Quod
820 1450 1104 1513 deterius
1153 1461 1272 1527 est,
1324 1453 1705 1535 imperfecto
1765 1452 2154 1535 subjunctivi
2212 1453 2361 1517 licet
2403 1474 2654 1536 praepo-

505 1546 739 1608 nitur3.
2149 1548 2160 1559 “

740 1678 920 1732 David
952 1679 1136 1743 enim,
1167 1681 1292 1735 licet
1314 1685 1560 1750 smeret,
1596 1696 1720 1735 non
1753 1686 1951 1736 tamen
1989 1681 2334 1752 incognitus
2364 1687 2557 1736 erat...
2588 1683 2656 1734 In

713 1769 920 1821 Psalm.
954 1771 1147 1836 141,3.

804 1968 864 2022 40
904 1969 983 2024 De
1021 1970 1538 2026 enuntiationibus
1576 1976 1813 2038 tempus
1852 1970 2336 2039 significantibus

580 2119 841 2182 Modum
864 2121 1336 2202 subjunctivum
1360 2123 1423 2183 in
1444 2123 1655 2185 locum
1675 2123 1999 2184 indicativi
2024 2123 2258 2184 sufficit
2283 2123 2349 2184 S.
2376 2123 2659 2184 Hilarius

502 2217 564 2277 in
595 2219 1138 2282 enuntiationibus
1183 2221 1431 2302 quibus·
1456 2226 1854 2298 praeponz‘tar
1901 2221 2263 2303 conjunctio
2297 2224 2660 2298 temporalis

502 2315 713 2378 cum⁴.

741 2444 867 2495 tum
898 2457 1030 2496 vere
1063 2442 1196 2512 quis
1232 2440 1394 2512 loqui
1420 2441 1719 2513 justitiam
1762 2442 2196 2499 existimandus
2222 2447 2310 2496 est
2352 2457 2473 2495 cum
2495 2441 2657 2512 judi-

713 2530 873 2585 cium
896 2533 1139 2585 retineat
1172 2531 1505 2587 veritatis..
1540 2533 1609 2585 In
1637 2533 1844 2586 Psalm.
1879 2535 1968 2597 57,
2002 2536 2054 2586 2.

741 2624 905 2673 caret
934 2620 1298 2674 contumelia
1331 2619 1577 2674 honoris
1609 2620 1945 2675 officium...
1994 2620 2250 2674 maxime
2291 2636 2414 2674 cum
2449 2620 2657 2673 adver-

711 2710 856 2763 satio
912 2709 1060 2778 ejus,
1095 2709 1271 2780 plena
1315 2710 1690 2764 confusionis
1736 2712 1810 2763 sit
1859 2715 1917 2763 et
1957 2710 2268 2779 pudoris...
2312 2711 2389 2762 De
2429 2710 2654 2774 Trinit„

712 2799 802 2865 IV,
837 2803 922 2852 41.

577 2945 645 3006 ln
693 2947 1239 3008 enuntiationibus
1280 2948 1513 3030 quibus
1558 2949 1848 3030 praeponi
1895 2947 2059 3008 solet
2097 2946 2294 3009 donec
2323 2965 2467 3006 cum
2513 2945 2658 3005 sub-

488 3045 796 3123 junctim,
849 3047 1050 3107 utitur
1094 3048 1287 3108 etiam
1340 3047 1409 3108 S.
1460 3047 1744 3108 Hilarius
1789 3045 2240 3124 conjunctione
2286 3044 2482 3107 donec
2511 3061 2655 3105 cum

498 3143 514 3220 ζ
525 3141 691 3223 apud
725 3144 976 3224 priscos
1004 3146 1352 3225 scriptores
1384 3148 1687 3205 donicum
1708 3146 1782 3224 5).

753 3272 1054 3327 silentium
1098 3275 1368 3342 imperat,
1417 3274 1587 3327 donec
1633 3291 1756 3328 cum
1802 3290 1836 3327 a
1875 3272 2130 3328 mortuis
2169 3276 2547 3339 resumeret...
2588 3273 2655 3323 In

710 3363 935 3430 Matth„
972 3368 1058 3429 17,
1090 3367 1143 3418 3.

752 3451 876 3505 haec
922 3453 1172 3507 audiens
1214 3452 1414 3522 hebui,
1464 3469 1663 3523 neque
1717 3452 1964 3518 credidi,
2009 3451 2180 3505 donec
2230 3467 2420 3504 cum...
2472 3446 2654 3517 hujus

707 3546 1113 3604 similitudinis
1139 3550 1286 3603 ratio
1318 3548 1811 3619 praedicaretur...
1849 3549 2056 3602 Contra
2082 3549 2391 3610 Constant„
2424 3547 2509 3598 14.

576 3659 919 3742 Reperitur
948 3662 1141 3722 etiam
1171 3662 1379 3744 quoad
1408 3680 1612 3743 usque
1646 3661 1928 3742 (quoad).

558 3866 602 3911 1.
637 3863 712 3912 Cf.
746 3863 1029 3921 Riemann,
1058 3867 1079 3926 ξ
1106 3865 1214 3923 201,
1242 3879 1294 3926 p.
1324 3865 1444 3922 3403
1477 3863 1615 3910 Rem.
1646 3862 1712 3910 ΙΙ.

556 3938 599 3982 2.
638 3935 713 3983 Cf.
748 3935 1033 3994 Riemann,
1058 3937 1079 3996 Ξ
1104 3937 1211 3993 202,
1242 3950 1293 3997 p.
1329 3936 1436 3982 340.

558 4008 603 4054 3.
640 4006 715 4055 Cf.
745 4007 1025 4066 Riemann,
1052 4009 1073 4068 Ξ
1098 4008 1207 4064 202,
1231 4021 1280 4068 p.
1310 4008 1426 4062 3403
1455 4005 1598 4053 Rem.
1657 4045 1661 4049 .

554 4080 599 4125 4.
637 4077 712 4125 Cf.
743 4078 1026 4131 Riemann,
1057 4078 1212 4136 3218,
1238 4077 1305 4139 b),
1334 4092 1385 4140 p.
1415 4079 1523 4124 377.

556 4152 600 4197 5.
643 4148 719 4208 Cf.
750 4149 1031 4208 Riemann,
1064 4151 1293 4211 3212,st
1323 4152 1369 4208 ὃ,
1400 4162 1453 4210 p.
1483 4150 1608 4207 3643
1640 4175 1699 4182 -
1725 4147 1955 4208 Drfegen‚
1986 4143 2156 4207 Synl„
2189 4144 2251 4201 Π,
2286 4145 2395 4192 611.

2407 4234 2438 4285 8
