3371 4999
1319 413 1692 466 —133—

845 566 904 623 2⁰
952 580 1032 623 DE
1079 578 1650 624 CONJUNCTIONIBUS
1696 577 2163 622 ADVERSATIVIS

506 689 568 748 1⁰
595 687 829 769 Atquin
856 688 1022 748 idem
1052 688 1222 751 valet
1250 707 1324 783 ae
1355 687 1719 768 conjunctio
1752 690 1932 765 atqui
1962 684 1999 745 '.

504 787 568 845 2⁰
593 786 666 847 Et
696 785 862 846 idem
896 785 1066 848 valet
1095 805 1169 846 ae
1201 806 1369 846 vero,

672 903 813 973 quia
842 902 1114 958 fundatio
1146 909 1283 957 ante
1315 902 1602 957 saeeulum
1635 901 1778 973 (sit),
1805 907 1859 955 et
1898 879 2105 956 ereatio
2135 900 2377 972 (creatio
2408 901 2572 969 vero)

635 991 695 1045 in
726 993 954 1047 viarum
987 993 1227 1046 initium
1270 996 1448 1062 atque
1501 991 1565 1045 in
1596 1007 1777 1061 opera
1815 995 1947 1061 post
1989 989 2274 1046 saeculum
2318 990 2460 1045 sit...
2494 992 2572 1043 De

638 1076 862 1148 Trinit„
904 1082 1024 1149 XII,
1058 1085 1124 1136 36
1160 1081 1266 1151 (Cf.
1300 1083 1546 1149 Draeqem
1575 1080 1695 1148 Ii,§
1737 1083 1861 1147 311,
1896 1080 2006 1148 10).
2275 1078 2282 1083 ’

498 1225 562 1283 3⁰
588 1225 821 1286 Verum
852 1223 1020 1284 idem
1045 1222 1217 1286 valet
1247 1243 1320 1284 ae
1354 1233 1583 1283 tamen.

650 1346 795 1402 licet
827 1347 1164 1403 communis
1200 1346 1628 1420 intellegentiae
1674 1364 1880 1415 sensa,
1918 1363 2040 1402 non
2071 1347 2213 1402 satis
2238 1345 2397 1400 inter
2425 1362 2566 1416 pro-

632 1438 826 1506 prium
885 1441 949 1492 et'
986 1454 1159 1492 suum
1215 1453 1337 1492 non
1379 1437 1630 1504 differat,
1687 1454 1876 1492 verum
1914 1437 2296 1508 Apostolus..
2337 1441 2564 1490 natura>

629 1526 942 1581 veritatem
981 1514 1390 1598 significanter
1419 1528 1777 1597 expressit...
1809 1529 1885 1581 De
1916 1527 2140 1592 Trinit„
2169 1525 2264 1592 VI,
2295 1528 2382 1579 45.

898 1680 956 1737 3⁰
993 1695 1076 1738 DE
1123 1694 1695 1740 CONJUNCTIONIBUS
1743 1693 2127 1738 CAUSALIBUS

496 1811 558 1867 1⁰
584 1808 866 1888 Namque
892 1807 1059 1867 idem
1092 1807 1263 1868 valet
1291 1827 1365 1868 ae
1394 1828 1636 1885 nempe.

649 1921 938 1991 propheta
977 1922 1138 1976 enim
1170 1922 1546 1976 hominem...
1592 1921 1809 1991 quibus
1854 1922 2113 1975 maxime
2143 1920 2314 1975 malis
2355 1936 2560 1974 cavere

629 2009 841 2064 debeat
879 2010 1072 2076 docet,
1106 2010 1198 2065 his
1244 2027 1484 2081 namque
1529 2027 1728 2080 quae...
1782 2027 1893 2064 nos
1931 2010 1993 2063 in
2032 2008 2291 2063 inferum
2328 2009 2561 2063 demer-

622 2100 838 2170 gunt...
872 2101 939 2152 In
972 2094 1175 2154 Psalm.
1204 2104 1323 2168 119,
1358 2102 1408 2153 9.

650 2193 713 2242 et
743 2189 844 2259 qui
880 2188 1122 2242 tandem
1153 2194 1293 2243 sunt
1335 2188 1557 2258 quibus
1592 2188 1817 2259 praebet
1855 2188 2034 2243 eam?
2056 2188 2142 2242 Illi
2181 2204 2421 2258 namque
2452 2168 2553 2257 qui

625 2277 1032 2347 operabuntur
1053 2294 1249 2333 eseam
1281 2293 1403 2331 non
1434 2278 1906 2332 intereuntem...
1942 2279 2013 2331 De
2046 2279 2269 2345 Trinit„
2301 2276 2443 2342 VIII,
2469 2278 2554 2328 42.

488 2417 552 2475 2⁰
595 2415 777 2476 Enim
808 2414 977 2475 idem
1020 2414 1190 2476 valet
1227 2434 1301 2474 ae
1330 2398 1633 2475 scilicet?

647 2550 782 2590 eum
814 2539 1012 2588 autem
1045 2550 1227 2603 opera
1255 2533 1385 2587 Filii
1413 2550 1593 2604 opera
1629 2535 1822 2589 Patris
1864 2534 2003 2602 sint,
2048 2539 2106 2589 et
2142 2536 2316 2590 Pater
2353 2552 2555 2607 opere-

618 2627 713 2677 tur
743 2624 806 2677 in
838 2622 1006 2690 Filio,
1042 2629 1099 2677 et
1123 2638 1230 2692 per
1274 2622 1334 2676 id
1359 2626 1505 2677 enim
1541 2624 1701 2694 quod
1733 2624 1878 2678 ait...
1913 2623 2076 2679 solus
2106 2629 2453 2695 operatur...
2487 2627 2554 2679 In

550 2743 561 2751 -
619 2714 819 2781 Psalm.
857 2716 978 2779 135,
1037 2716 1122 2767 13.

766 2891 823 2947 4⁰
860 2905 1035 2958 QUAM
1084 2906 1289 2949 SEDEM
1338 2903 1626 2959 QUAEDAM‘
1662 2905 2165 2950 CONJUNCTIONES

963 2996 966 2999 ’
1090 3014 1154 3056 IN
1206 3012 1529 3058 ORATIONE
1578 3013 1876 3056 HABEANT

481 3130 764 3212 Namque
793 3133 999 3213 primo
1035 3134 1343 3195 orationis
1373 3133 1682 3194 vocabulo
1714 3133 2033 3194 interdum
2066 3133 2464 3216 subjiciturss.

639 3257 912 3325 superior
954 3274 1192 3327 namque
1236 3273 1431 3311 sermo
1471 3262 1760 3329 tanquam
1802 3257 1873 3312 de
1913 3259 2213 3329 praeterito
2260 3259 2439 3313 fuit...
2482 3262 2547 3314 In

613 3346 818 3399 Psalm.
843 3349 930 3413 64,
962 3350 1044 3400 15.

638 3433 890 3488 formam
910 3452 1149 3505 namque
1181 3436 1240 3488 in
1267 3451 1328 3489 se
1360 3439 1589 3489 natura}
1622 3441 1839 3490 nostrae
1862 3436 2341 3508 infirmitatisque
2374 3455 2547 3492 eons-

613 3521 837 3577 tituit...
873 3527 939 3577 In
966 3526 1169 3578 Psalm.
1208 3528 1405 3590 140,8.

478 3643 652 3705 Idem
679 3646 1019 3708 dicendum
1050 3648 1126 3708 de
1158 3648 1599 3728 conjunctione
1626 3649 1905 3731 itaque⁴.

637 3751 764 3821 ejus
793 3757 983 3823 itaque
1015 3770 1142 3808 esse
1162 3755 1289 3808 haec
1320 3754 1689 3827 intellegitur
1714 3756 1969 3812 oratio...
2005 3760 2069 3811 Ιη
2099 3760 2303 3813 Psalm.
2342 3763 2461 3827 141,
2489 3767 2538 3814 1.

480 3877 489 3896 2
634 3844 884 3910 uterque
916 3844 1107 3912 itaque
1138 3859 1296 3897 unus
1319 3848 1377 3897 et
1417 3843 1576 3898 solus
1602 3850 1756 3899 est...
1791 3847 1866 3898 De
1899 3848 2124 3915 Trinit„
2160 3849 2248 3909 lv,
2277 3853 2362 3903 33.

457 3983 501 4029 1.
538 3981 614 4030 Cr.
644 3983 808 4043 Neue,
839 3985 905 4046 ll,
932 4000 982 4049 p.
1017 3987 1126 4033 962.

454 4054 500 4102 2.
540 4052 614 4102 Cr.
651 4055 849 4116 Hartel,
882 4058 1077 4118 Lucis„
1106 4072 1157 4121 p.
1190 4061 1298 4108 361.

455 4125 501 4172 3.
539 4124 614 4173 Cf.
655 4126 942 4189 Riemann,
974 4130 995 4190 Ξ
1024 4131 1132 4189 2Ἶ7,
1161 4144 1212 4193 p.
1247 4133 1353 4180 523.

455 4196 499 4242 4.
539 4194 610 4244 Cf.
650 4197 930 4258 Riemann,
971 4199 1101 4248 [bid.
