3371 4999
765 594 771 601 -
843 549 1031 634 Apud
1090 551 1358 613 eximios
1409 550 1759 631 scriptores
1817 553 2159 609 concilium
2203 547 2371 607 idem
2426 552 2523 606 est
2576 565 2649 605 ac
2692 553 2906 617 eoeius,

759 647 1094 711 conventus
1129 650 1436 729 (virorum
1468 648 1546 708 de
1575 647 1767 709 rebus
1807 646 2091 729 profanis
2123 642 2667 722 consultantium).

842 748 1248 830 Principibus
1316 747 1503 807 fidem
1573 745 1991 807 christianam
2062 741 2479 825 sequentibus
2564 740 2914 821 imponitur

758 867 989 907 nomen
1016 852 1343 919 ετινιοιῖιαε,
1375 854 1680 926 tanquam
1709 842 2082 905 reverentia·
2124 840 2409 922 signum.

1011 997 1370 1052 aequumque
1400 968 1598 1035 ‘debet
1654 980 1839 1033 videri
1903 980 2205 1032 Sanctitati
2271 981 2407 1042 tua»,
2478 976 2907 1047 gloriosissime

973 1073 1303 1141 Auguste...
1332 1070 1422 1125 Ad
1453 1071 1772 1134 Constant„
1802 1073 1852 1131 1,
1877 1073 1930 1122 2.

840 1215 1366 1307 Sanctitas'apud
1400 1216 1777 1286 Ciceronem
1808 1220 1970 1284 idem
2005 1232 2189 1284 sonat
2219 1243 2292 1283 ac
2321 1225 2584 1283 colenda
2614 1225 2909 1300 dtjqriitas,

764 1329 1143 1396 innocentia,
1179 1328 1464 1382 castitas.
1939 1378 1943 1382 .

837 1428 977 1489 Non
1010 1447 1202 1489 secus
1233 1447 1306 1488 ac
1340 1430 1527 1502 βείω,
1571 1447 1604 1487 e
1646 1423 1856 1507 gratia
1884 1424 2231 1486 efflorescit
2268 1425 2461 1485 etiam
2497 1429 2741 1485 caritas
2772 1422 2913 1501 (Dei

761 1527 961 1605 amor)
997 1526 1098 1586 cui
1130 1533 1446 1605 repugnat
1465 1528 1909 1601 praevaricatio
1936 1522 2037 1585 vel
2069 1527 2484 1601 transyressio
2534 1522 2597 1582 id
2637 1530 2737 1582 est
2761 1541 2910 1597 pec-

761 1635 994 1686 catum.
1025 1622 1131 1697 Cf.
1172 1624 1445 1695 Goelzer,
1478 1643 1539 1703 p.
1572 1625 1714 1683 236.

1011 1795 1205 1848 neque
1251 1780 1308 1831 in
1352 1779 1820 1845 praevaricatione
1853 1781 2013 1843 sunl,
2048 1776 2153 1829 sed
2191 1776 2250 1830 in
2281 1776 2594 1830 caritate...
2630 1776 2719 1829 Ad
2749 1776 2913 1829 Cons-

981 1873 1145 1934 tant„
1168 1870 1220 1934 2,
1255 1870 1306 1920 9.

1011 1957 1122 2009 scit
1153 1972 1258 2025 per
1289 1957 1782 2021 transmessionem
1820 1955 1982 2025 legi5‚
2017 1959 2271 2008 mortem
2300 1954 2578 2007 introisse
2609 1954 2906 2022 peccati...

982 2047 1044 2098 ln
1082 2046 1284 2098 Psalm.
1322 2047 1441 2111 142,
1477 2047 1526 2097 6.

840 2205 1028 2287 Apud
1068 2205 1345 2286 optimos
1400 2205 1772 2286 scriptoreS,
1829 2209 2274 2282 praevaricatio
2339 2204 2507 2265 idem
2582 2204 2752 2266 valet
2832 2224 2908 2264 ac

759 2314 1145 2381 contemptus
1194 2307 1404 2378 officii
1443 2304 1803 2384 praesertim
1845 2304 1908 2363 in
1951 2302 2240 2384 patronis
2288 2303 2394 2384 qui
2455 2324 2581 2363 non
2625 2303 2918 2364 dubitant

760 2421 1020 2462 causam
1092 2401 1363 2481 prodere
1421 2420 1613 2482 quam
1659 2401 2126 2462 defendendam
2184 2410 2637 2483 susceperunt;
2705 2412 2917 2461 trans-

754 2505 994 2580 gressio
1059 2508 1272 2560 autem
1328 2499 1496 2561 idem
1557 2519 1630 2561 ac
1688 2504 2104 2571 transmissio,
2164 2503 2473 2576 trajectio

842 2599 1003 2660 Cum
1030 2599 1205 2659 Deus
1237 2619 1491 2680 poenam
1523 2608 1828 2659 aeternam
1859 2599 2315 2680 praetermittit,
2336 2598 2408 2659 fit
2436 2586 2727 2659 remissio
2750 2600 2917 2681 (pec-

762 2698 1099 2776 catorum).
1144 2695 1242 2757 Cf.
1284 2699 1555 2768 Gaetzer,
1594 2715 1656 2776 p.
1693 2699 1831 2757 0238.

1007 2848 1129 2885 non
1175 2836 1265 2885 est
1309 2837 1507 2886 autem
1571 2830 1819 2886 dubium
1859 2841 2216 2901 peecatorum
2257 2849 2392 2887 eum
2439 2832 2810 2888 ablutionem
2860 2836 2917 2885 et

982 2923 1352 2975 remissionem
1401 2919 1740 2976 attulisse...
1774 2923 1838 2974 In
1869 2924 2071 2976 Psalm.
2104 2926 2225 2988 119,
2261 2926 2346 2976 14.

840 3076 1028 3161 Apud
1062 3079 1337 3140 Plinium
1389 3079 1462 3140 fit
1498 3085 1811 3154 remissio,
1851 3080 2106 3162 quando
2143 3084 2393 3141 creditae
2414 3086 2698 3158 pecuniae
2746 3083 2917 3142 debi-

764 3181 1006 3237 toribus
1042 3180 1484 3238 condonantur
1507 3177 1733 3259 ¹2’apud
1786 3179 2161 3239 Suetonium
2198 3179 2452 3261 quando
2486 3199 2688 3256 *poeria
2723 3181 2921 3240 alicui

764 3278 1167 3336 condonatur
1199 3275 1519 3356 (remissio
1555 3278 1801 3358 paenae).

843 3372 1157 3434 Diabolus
1210 3373 1317 3454 qui
1369 3373 1662 3434 homines
1708 3373 1787 3434 ad
1825 3379 2422 3450 praevaricationem
2463 3373 2755 3456 impellit,
2808 3393 2917 3435 eos

765 3480 1008 3531 tentare
1054 3470 1307 3544 dicitur,
1368 3480 1760 3552 vocaturque
1808 3483 2112 3548 tentator;
2159 3473 2298 3554 ejus
2382 3482 2595 3534 autem
2653 3481 2918 3533 conatus

761 3578 1074 3630 vocantur
1104 3574 1386 3630 tentatio,
1423 3568 1521 3629 Cf.
1553 3572 1826 3642 Goetzer,
1862 3590 1924 3651 p.
1954 3573 2094 3631 231.

1013 3722 1123 3775 scit
1162 3721 1526 3791 apostolatus
1565 3738 1677 3774 nos
1723 3721 2059 3792 derelinqui
2111 3723 2185 3777 ad
2235 3724 2564 3778 tentandum
2602 3723 2693 3793 (ut
2726 3726 2920 3777 tente-

981 3810 1206 3878 mur)...
1236 3813 1302 3863 Ιη
1334 3813 1539 3864 Psalm.
1581 3813 1703 3877 118,
1745 3813 1901 3877 1,15.

1015 3915 1193 3968 quam
1228 3901 1473 3953 nonnisi
1509 3900 1709 3954 datam
1746 3901 2122 3954 occasionem
2162 3908 2410 3956 tentator
2444 3902 2815 3957 habuisset...
2851 3903 2919 3955 Ιη

982 3989 1181 4043 Matth.
1213 3993 1263 4056 3,
1297 3994 1342 4043 1.

1016 4078 1116 4147 qui
1171 4078 1273 4131 Dei
1332 4078 1625 4132 beneficia
1674 4077 1905 4131 homini
1968 4080 2298 4145 invidisset,
2359 4086 2494 4135 ante
2556 4082 2920 4134 tentationem

984 4168 1170 4222 Deum
1203 4168 1263 4220 in
1300 4168 1544 4222 homine
1578 4167 1926 4238 intellegere
1958 4184 2080 4222 non
2113 4176 2377 4239 posset...
2409 4173 2475 4224 In
2512 4171 2736 4237 Matth„
2779 4173 2831 4234 3,
2870 4173 2919 4222 1.
