3371 4999
1416 892 1705 962 CAPUT
1755 894 2211 962 SEPTlMUM

837 1121 926 1182 DE
967 1118 1412 1197 QUORUMDAM
1455 1118 1982 1191 VOCABULORUM
2023 1119 2113 1181 Ac
2155 1118 2607 1182 LOGUTIONUM
2649 1118 2792 1183 USU

1552 1240 2067 1305 msommmnn
2541 1260 2548 1265 ·

1725 1434 1916 1449 ——q

1540 1672 1588 1732 Ῑ.
1618 1707 1696 1715 -
1724 1672 1806 1733 De
1833 1670 2095 1735 Nomine

948 1846 1012 1906 1⁰
1045 1862 1127 1905 DE
1176 1861 1293 1905 usu
1325 1860 1625 1905 NOMINUM
1673 1859 1813 1912 Qnffl:
1860 1837 2324 1927 incorporalia
2365 1862 2679 1907 DICUNTUR

825 2012 1195 2082 Neminem
1234 2006 1413 2101 fugit
1441 2010 1789 2077 Romanos
1823 2011 1894 2075 in
1933 2009 2103 2076 bene
2136 2011 2461 2099 gerendis
2493 2011 2700 2092 rebus
2730 2035 2886 2080 cum

739 2125 1205 2216 publicistum
1221 2125 1622 2192 domesticis
1645 2146 1717 2190 se
1734 2129 1913 2190 totos
1942 2147 2220 2213 semper
2249 2125 2653 2209 collocasse,
2678 2129 2886 2215 atque

741 2240 896 2307 ideo
982 2239 1539 2328 liquidissimum
1633 2261 2042 2323 sermonem
2119 2237 2555 2321 adhibuisse,
2617 2241 2888 2308 modice

743 2360 1020 2422 utentes
1051 2354 1136 2418 iis
1181 2350 1591 2418 nominibus
1631 2375 1787 2440 qua·
1830 2351 2292 2442 incorporalia
2330 2376 2369 2419 a
2408 2356 2887 2442 grammaticis

739 2466 1090 2534 dicuntur.

831 2582 1011 2648 Dum
1045 2580 1646 2669 praetermiserunt
1687 2578 2200 2667 philosophiam
2252 2580 2621 2668 complecti
2679 2587 2887 2670 atque

742 2697 816 2762 in
855 2717 1093 2761 rerum
1126 2692 1719 2780 contemplatione
1762 2693 2047 2772 versari,
2085 2692 2268 2758 hanc
2307 2694 2888 2760 consuetudinem

741 2814 1235 2887 servaverunt;
1295 2804 1412 2871 ubi
1454 2826 1618 2871 vero
1675 2804 2136 2892 philosophia)
2180 2826 2462 2891 operam
2505 2806 2779 2886 dedere,
2821 2807 2890 2872 vi

739 2944 816 2988 ac
870 2921 1287 2987 necessitate
1350 2919 1569 2984 coacti
1612 2922 1777 2983 sunt
1837 2914 2380 3006 incorporalibus
2434 2918 2891 3008 incorporalia

742 3036 1033 3101 nomina
1084 3035 1466 3121 imponere,
1531 3030 1721 3119 quod
1785 3030 2014 3096 Tullio
2069 3053 2579 3120 nonnunquam
2629 3034 2884 3113 evenit,

741 3154 820 3214 ut
850 3148 1114 3237 legenti
1144 3146 1294 3234 ejus
1338 3145 1593 3234 scripta
1625 3144 2076 3232 perspicuum
2119 3151 2245 3210 est.

831 3260 1152 3349 Christus
1185 3265 1419 3325 autem
1446 3264 1660 3346 atque
1697 3258 1743 3322 ii
1773 3257 1892 3345 qui
1933 3280 1970 3322 a
2012 3256 2287 3324 Christo
2349 3259 2637 3347 profecti
2698 3266 2885 3339 sunt,

741 3373 966 3441 multa
1007 3371 1436 3444 induxerunt
1483 3393 1638 3458 quae
1705 3370 2313 3459 incorporabilibus
2354 3373 2890 3444 tantum‘nomi-

739 3487 949 3554 nibus
1001 3485 1298 3575 exprimi
1374 3490 1704 3572 possunt3
1766 3484 2221 3572 quamobrem
2275 3484 2560 3574 hujusce
2618 3487 2889 3575 generis

739 3600 1031 3667 nomina
1071 3622 1254 3687 saepe
1296 3597 1480 3686 apud
1524 3597 1593 3663 S.
1638 3596 1988 3663 Hilarium
2032 3599 2501 3685 reperiuntur.

827 3787 894 3868 a)
938 3787 1146 3848 Multa
1187 3793 1335 3846 sunt
1378 3788 1814 3862 incorporalia
1859 3785 2118 3844 nomina
2155 3806 2297 3866 quae
2338 3785 2400 3845 in
2440 3786 2650 3847 locum
2686 3786 2890 3848 nomi-

741 3905 894 3945 num
926 3905 1052 3945 non
1084 3886 1588 3960 incorporalium
1620 3890 2087 3962 supponuntur.

989 4012 1180 4081 sitque
1234 4015 1335 4066 aut
1392 4009 1701 4064 familiaris
1752 4009 2036 4078 scientis-n,
2069 4012 2363 4082 cognitam
2404 4012 2629 4067 clavem
2672 4012 2787 4067 cito
2824 4030 2894 4067 ex

955 4101 1125 4170 copia
1174 4100 1274 4154 illa
1317 4105 1610 4169 congestae
1652 4098 1711 4151 in
1759 4114 1949 4152 unum
1978 4085 2266 4154 varietatis
2307 4101 2528 4171 (rerum
2576 4101 2894 4170 variarum)

957 4189 1239 4259 eligere...
1271 4190 1339 4241 In
1370 4188 1570 4241 Psalm.
1606 4189 1778 4241 Instr.
1808 4189 1896 4241 24.
