3371 4999
1320 420 1349 460 ⁴
1674 442 2012 494 —18—

731 629 739 636 .
768 588 1030 644 confixio
1213 589 1370 659 quod
1398 589 1458 642 in
1486 594 1541 642 te
1573 605 1733 642 mors
1766 592 1850 640 est
1885 588 2127 656 scripta,
2151 589 2390 653 eonfioeio
2418 591 2571 639 est...
2607 589 2677 639 De
2697 587 2921 653 Trinil„

909 680 975 743 X,
1012 682 1079 733 48
1109 678 1218 749 (Cf.
1244 678 1486 745 Ratnseh,
1520 695 1576 747 p.
1612 680 1671 731 71
1699 695 1711 743 ;
1743 709 1810 715 —
1836 677 2060 739 Goelzer‚
2095 693 2151 745 p.
2187 676 2297 745 65).

768 756 1064 825 Dimensio
1246 767 1342 820 ubi
1377 767 1588 820 modus
1616 772 1705 820 est
1731 765 2108 819 credentium
2139 764 2397 829 futurus,
2418 762 2538 817 illic.
2564 764 2924 818 dimensionis

909 873 1161 912 examen
1188 861 1340 910 est...
1367 858 1432 908 In
1458 857 1657 908 Psalm.
1693 857 1781 920 59,
1820 859 1871 908 7.
1892 857 2031 907 Aue.

770 948 1066 1016 Dispersio
1239 961 1490 1015 magnus
1522 950 1607 998 est
1634 944 1943 1009 DominUS,
1976 959 2112 996 cum
2143 942 2506 1009 dispersiones
2532 946 2919 1011 congregat...

912 1040 974 1091 In
1004 1037 1205 1091 Psalm.
1244 1037 1364 1099 146,
1396 1038 1447 1087 6.
1491 1033 1597 1104 (Cf.
1629 1034 1854 1099 Goelzer,
1889 1049 1942 1101 p.
1978 1035 2089 1100 68).

769 1126 1045 1182 Excessio
1228 1123 1463 1177 traditio
1509 1122 1754 1191 spiritus
1786 1121 2099 1174 morientis
2128 1123 2366 1173 eaeeessio
2400 1124 2551 1173 est...
2588 1121 2664 1172 De
2698 1120 2921 1180 Trinit.,

909 1217 974 1280 X,
1009 1219 1070 1268 61
1098 1213 1207 1283 (Cf.
1243 1213 1466 1278 Goelzer,
1500 1228 1555 1280 p.
1593 1211 1705 1280 69).

767 1305 968 1360 Jussio
1142 1307 1206 1354 et
1233 1302 1415 1369 jussio
1461 1305 1829 1369 exsequatur
1870 1304 1929 1352 et
1981 1298 2270 1351 sactum...
2308 1299 2382 1349 De
2426 1298 2654 1362 Triniu,
2704 1292 2796 1362 Ν,
2836 1300 2921 1349 21.

842 1396 861 1416 ·’
911 1395 1051 1445 Arn.
1097 1392 1250 1445 Lact.
1293 1390 1398 1460 (Cf.
1438 1390 1684 1452 Ramisi-li,
1720 1406 1775 1457 p.
1809 1390 1906 1454 743
1940 1417 2006 1426 -—
2034 1388 2262 1452 Goelzer,
2298 1402 2353 1454 p.
2384 1385 2493 1454 72).

768 1482 1011 1538 obtusio
1194 1496 1323 1549 qua?
1367 1479 1580 1532 obtusio
1627 1476 2055 1547 intellegentia>
2098 1476 2293 1529 esti)...
2324 1474 2415 1527 Ad
2446 1475 2758 1539 Constant„
2796 1477 2844 1537 1,
2870 1477 2920 1525 7.

914 1573 1065 1624 Tert.
1096 1570 1395 1638 Lamprid.
1423 1568 1525 1639 (Cf.
1564 1568 1808 1630 ansch,
1843 1584 1897 1636 p.
1933 1566 2045 1635 81).

771 1660 1043 1715 ostensio
1227 1658 1473 1729 gloriam
1525 1656 2024 1710 adventussui...
2079 1653 2369 1707 indicat...
2416 1653 2724 1704 ostensione
2772 1651 2925 1721 signi

914 1747 1257 1803 salutaris...
1292 1749 1355 1800 In
1389 1747 1612 1812 Matth„
1666 1748 1754 1811 26,
1818 1749 1865 1797 1.
1915 1742 2084 1812 Apul.
2139 1744 2290 1796 iren.
2327 1743 2483 1794 Tert.
2528 1739 2635 1810 (Cf.
2677 1740 2923 1806 Ra’nsch,

916 1855 968 1908 p.
992 1841 1100 1902 476;
1125 1868 1192 1875 —-
1225 1838 1450 1899 Goelzer,
1485 1852 1540 1903 p.
1565 1834 1676 1903 73).
2873 1851 2879 1856 ·

772 1928 977 1982 Passio
1171 1931 1301 1995 post
1342 1926 1653 1992 passionem
1700 1922 1931 1975 Domini
1980 1919 2318 1990 congregati
2352 1917 2816 1970 consederant...
2854 1919 2928 1969 De

917 2017 1141 2082 Trinit„
1192 2015 1283 2079 ΙΙΙ,
1339 2018 1475 2067 20...
1524 2011 1879 2081 passionibus
1929 2010 2206 2061 humanae
2252 2006 2615 2059 infirmitatis
2656 2005 2927 2058 diabolus

915 2103 1304 2159 desaeviens..
1356 2105 1427 2155 De
1492 2103 1714 2166 Trinil„
1767 2099 1854 2165 IX,
1892 2102 1991 2150 7...
2032 2099 2184 2150 Tert.
2225 2099 2365 2149 Arn.
2419 2096 2573 2147 Lact.
2617 2093 2722 2163 (Cf.
2784 2094 2928 2147 Giri-

918 2212 1024 2260 zer‚
1061 2211 1115 2262 p.
1148 2193 1257 2261 73).

775 2283 1107 2340 Praemissio
1289 2284 1642 2334 ostensurus
1763 2279 1826 2330 in
1860 2292 2038 2345 quem
2073 2274 2295 2327 exitum
2320 2273 2627 2341 praemissio
2651 2277 2770 2324 tani
2795 2271 2928 2323 sub-

919 2372 1039 2426 doli
1074 2370 1366 2423 sermonis
1401 2367 1817 2431 instruxerit...
1855 2367 1928 2417 De
1962 2365 2189 2429 Trinit„
2232 2363 2321 2429 vl,
2358 2365 2443 2414 11.

777 2461 1084 2518 Protensio
1266 2474 1388 2512 non
1421 2457 1578 2510 enini
1612 2472 1718 2527 per
1749 2454 2155 2507 desectionem
2200 2456 2302 2505 aut
2339 2451 2821 2518 protensionem-..
2858 2465 2930 2502 ex

921 2554 1039 2605 Deo
1071 2549 1224 2603 Deus
1252 2552 1406 2601 est...
1448 2549 1520 2599 De
1552 2547 1775 2610 Trina„
1812 2544 1873 2607 V,
1909 2547 1995 2597 37.
2029 2540 2200 2610 Apul.
2239 2540 2345 2608 (Cf.
2378 2539 2602 2604 διῆκαν,
2637 2554 2691 2606 p.
2728 2540 2837 2607 75).

781 2640 1019 2696 Refusio
1199 2637 1380 2691 Filius
1408 2637 1470 2689 in
1495 2638 1665 2688 Patre
1695 2639 1751 2687 et
1780 2634 1838 2685 in
1873 2631 2018 2684 Filio
2056 2632 2247 2697 Pater,
2287 2644 2408 2681 non
2442 2643 2546 2696 per
2583 2626 2931 2681 transfusio-

921 2746 1058 2782 nem
1094 2729 1549 2795 refusionemque
1594 2727 1930 2777 mutuam...
1963 2723 2039 2773 De
2072 2721 2293 2784 Triniu,
2339 2719 2457 2781 VH,
2488 2720 2572 2770 31.

776 2818 1164 2874 Transcursio
1346 2831 1451 2884 per
1489 2814 1764 2881 hancque
1801 2810 2068 2864 velocem
2115 2808 2584 2861 transcursionem
2616 2804 2930 2858 aedificatio

920 2908 1105 2961 beatae
1132 2905 1308 2974 hujus
1335 2902 1584 2957 civitatis
1615 2906 1703 2955 est
1733 2905 1987 2968 coepta...
2024 2899 2090 2949 In
2117 2898 2317 2950 l’salm.
2355 2898 2475 2961 147,
2505 2898 2556 2947 4.
3005 2881 3010 2886 ’

804 2956 830 2969 f

855 3125 915 3202 9)
950 3120 1220 3183 Nomina
1250 3115 1543 3179 cadentia
1572 3114 1637 3173 in
1660 3126 1806 3173 -tas.

784 3271 1161 3330 cohereditas
1343 3264 1732 3319 coner-edicatis
1762 3278 1881 3314 sua}
1911 3258 2156 3330 gloriani
2185 3257 2313 3310 sine
2349 3254 2641 3325 passionis
2673 3252 2933 3306 difficul-

926 3367 1044 3415 tate
1078 3360 1486 3420 mereantur...
1519 3356 1585 3406 In
1616 3352 1837 3418 Matlh.,
1870 3353 1955 3415 31,
1986 3352 2039 3402 8.

785 3452 1044 3508 Dealitas
1226 3447 1274 3500 si
1301 3446 1500 3515 quiS...
1525 3443 1846 3496 dealitatem
1870 3437 1998 3506 ejus
2031 3436 2545 3506 corruptionem...
2580 3431 2933 3487 sustinuisse

744 3611 747 3612 ⁷
928 3540 1081 3594 dicat
1109 3555 1120 3591 :
1151 3536 1470 3592 anathema
1496 3533 1637 3590 sit...
1678 3532 1749 3583 De
1782 3528 2015 3597 Synod„
2048 3530 2135 3580 38.
2468 3578 2474 3583 ,

748 3610 1152 3687 ¹Dehonestas
1332 3639 1528 3693 neque
1582 3621 1833 3675 formam
1885 3617 1987 3669 Dei
2044 3618 2405 3684 usurparent
2451 3613 2524 3665 ad
2585 3611 2791 3664 somna>
2831 3608 2930 3662 Dei

929 3720 1405 3772 dehonestatem...
1439 3715 1514 3765 De
1537 3695 1763 3775 Trinit.‚
1797 3708 1889 3774 xl,
1920 3710 1971 3760 6.

788 3812 987 3868 Deitas
1169 3806 1490 3859 indiscreto
1544 3801 1769 3853 deitatis
1827 3801 2175 3863 naturaeque
2235 3791 2546 3846 nomine...
2603 3793 2668 3842 In
2727 3789 2930 3841 Psalm.

929 3904 1016 3965 53,
1051 3903 1080 3951 7
1115 3895 1221 3966 (Cf.
1256 3894 1480 3958 Gafflzer,
1509 3907 1566 3959 p.
1601 3892 1743 3957 102).

789 3989 1042 4045 Falsitas
1224 3982 1480 4052 spolium
1527 3996 1586 4033 se
1638 3976 1864 4047 proibet
1905 3975 2124 4027 veritas
2163 3972 2474 4039 falsitati...
2512 3972 2583 4021 De
2624 3968 2845 4032 Trinit„
2891 3966 2930 4032 I,

934 4081 1017 4131 13.
1052 4078 1191 4128 Arn.
1230 4074 1384 4126 Lact.
1424 4070 1531 4138 (Cf.
1565 4069 1788 4132 Ga’lzer,
1820 4082 1875 4134 p.
1909 4064 2053 4124 102).

789 4166 1156 4224 Generalitas
1337 4160 1674 4228 (leneralitas
1705 4171 1840 4225 ergo
1866 4151 2176 4207 sententia»
2208 4154 2405 4204 amota
2426 4152 2579 4201 est...
2611 4148 2675 4198 ln.
2730 4144 2931 4198 Psalm.

932 4260 1019 4322 52,
1056 4259 1119 4308 13
