3371 4999
1403 602 1468 665 ’1ο
1508 605 1589 666 De
1643 606 1764 668 Deo

584 752 760 817 Deus
789 755 996 816 tribus
1037 761 1332 832 personis
1391 764 1674 831 constat;
1713 755 1827 818 sed
1868 756 1932 816 in
1984 776 2058 818 eo
2101 776 2226 817 una
2268 763 2516 817 tantum
2563 766 2663 818 est

507 863 757 928 natura,
791 853 961 936 quod
991 853 1347 934 explicatur
1375 853 1707 915 vocabulis
1740 857 2041 930 solitudo,
2076 859 2251 916 unic.

745 977 1038 1048 quidquid
1061 993 1251 1031 unum
1282 982 1391 1045 est,
1415 993 1523 1048 per
1540 977 1906 1032 nativitatem
1928 993 2051 1031 non
2073 977 2656 1042 habetsolitudinem;

722 1067 862 1136 quia
893 1072 952 1120 et
973 1067 1216 1121 solitudo
1247 1066 1569 1137 singularis
1595 1072 1750 1120 est...
1786 1069 1861 1120 De
1889 1068 2112 1133 Trinit„
2145 1069 2269 1133 vll,
2294 1072 2380 1122 21.

754 1159 929 1210 Pater
955 1160 1012 1210 et
1040 1154 1220 1209 Filius
1243 1157 1399 1210 Deus
1425 1172 1615 1209 unum
1645 1161 1786 1210 sunt
1813 1172 1933 1210 non
1961 1161 2167 1210 unione
2191 1172 2529 1227 personae...
2554 1157 2659 1211 sed

720 1245 1068 1300 substantia}
1100 1246 1397 1299 unitate...
1433 1248 1508 1298 De
1538 1247 1763 1313 Trinit„
1793 1246 1882 1311 IV,
1915 1247 2002 1299 42.

584 1382 911 1445 Vecabulo
947 1386 1222 1444 solitudo
1263 1382 1711 1465 apponendum
1760 1391 1859 1443 est
1899 1383 2281 1470 vocabulum
2324 1388 2659 1445 solitarius

507 1480 677 1563 quod
708 1481 876 1542 idem
909 1490 1094 1543 sonat
1123 1490 1314 1563 atque
1348 1496 1528 1541 unus,

748 1605 924 1660 nobis
947 1621 1187 1676 quoque
1226 1621 1338 1660 nec
1367 1606 1654 1658 solitarius
1687 1609 1918 1659 tantum
1949 1620 2060 1658 nec
2092 1605 2357 1660 diversus
2394 1611 2483 1660 est
2515 1623 2660 1661 con-

722 1694 1048 1749 fitendus..
1082 1696 1159 1747 De
1183 1696 1411 1761 Trinit„
1443 1695 1532 1761 IV,
1560 1697 1644 1748 18.

514 1858 519 1861 ·
586 1828 775 1913 Apud
823 1833 1102 1912 optimos
1138 1833 1511 1912 scriptoreS‚
1545 1835 1819 1891 solitudo
1854 1830 2024 1893 idem
2071 1841 2258 1894 sonat
2299 1854 2372 1894 ac
2411 1836 2659 1895 deserta

509 1934 666 2002 loca,
727 1929 828 1990 vel
875 1933 1139 2007 νείῑόιίο,
1204 1932 1522 1989 destitutio
1548 1948 1573 2005 ,·
1616 1934 1767 1990 unio
1824 1937 2036 1990 autem
2099 1929 2399 2012 designat
2456 1951 2660 2014 genus

507 2026 829 2107 quoddam
862 2026 1359 2106 margaritarum
1389 2026 1558 2107 apud
1587 2026 1866 2087 Plinium
1902 2036 1965 2087 et
1996 2027 2328 2089 Senecam.

585 2122 809 2203 Aequo
840 2144 1108 2205 prorsus
1136 2125 1280 2205 jure
1329 2132 1480 2185 sunt
1513 2124 1705 2185 Pater
1739 2133 1802 2185 et
1841 2124 2044 2185 Filius
2088 2125 2260 2206 quod
2303 2127 2661 2206 explicatur

508 2221 704 2282 verbo
726 2216 1061 2282 'considere
1093 2243 1114 2282 .·
2260 2228 2263 2236 ‘

759 2345 1030 2398 Hominis
1060 2345 1240 2398 Filius
1265 2361 1619 2411 consessurus
1653 2345 1883 2405 Patri...
1919 2347 1986 2398 In
2015 2347 2216 2400 Psalm.
2251 2351 2304 2412 2,
2332 2351 2420 2400 27.

587 2476 704 2537 Hic
732 2479 1060 2537 considere
1089 2476 1357 2537 verbum
1404 2484 1504 2537 est
1550 2496 1666 2558 per
1716 2473 2202 2536 similitudinem
2250 2473 2655 2549 translatum,

505 2594 671 2645 cum,
707 2573 817 2654 qui
869 2573 947 2633 ad
996 2573 1166 2634 latus
1210 2573 1481 2653 alicujus
1524 2572 1789 2645 assidet,
1848 2571 2161 2653 dignitate
2200 2591 2345 2633 cum
2388 2591 2462 2632 eo
2497 2591 2660 2632 exae-

505 2671 688 2752 quari
724 2670 949 2731 soleat.

585 2768 632 2829 E
664 2769 860 2830 verbo
905 2773 1225 2829 considere
1257 2768 1593 2831 deducitur
1623 2790 1855 2831 nomen
1910 2793 2235 2832 consessus
2267 2770 2438 2852 quod
2490 2770 2659 2832 idem

509 2874 696 2928 sonat
725 2887 798 2928 ac
812 2869 934 2941 jus
963 2872 1226 2945 aequale.
1326 2863 1329 2868 ’

746 2991 854 3055 Qui
878 2995 936 3044 et
952 2991 1220 3045 Christus
1247 2995 1305 3045 et
1332 2990 1512 3045 Filius
1543 2990 1646 3045 Dei
1676 2995 2046 3061 est‚consessu
2071 2993 2174 3046 Dei
2198 2991 2413 3064 dignus
2435 2998 2656 3048 esset...

722 3081 788 3133 Ιη
821 3080 1022 3134 Psalm.
1057 3084 1111 3146 2,
1143 3083 1229 3133 27.

587 3197 1184 3279 Apud'Ciceronem
1221 3207 1285 3259 et
1312 3198 1473 3260 alios
1504 3220 1913 3259 consessus:
1933 3209 2307 3262 conventus

582 3295 786 3357 Filius
835 3296 954 3357 Dei
1001 3296 1294 3378 gignitur
1332 3317 1459 3357 non
1495 3318 1609 3378 per
1664 3303 2165 3373 transfusionem
2211 3319 2417 3381 neque
2458 3298 2660 3360 Filius

500 3394 620 3455 Dei
650 3402 752 3454 est
780 3397 1117 3469 adoptio..

646 3512 829 3567 Filius
877 3513 936 3567 in
968 3515 1142 3567 Patre
1182 3519 1273 3567 est
1313 3519 1372 3568 et
1411 3516 1471 3568 in
1518 3514 1660 3568 Filio
1692 3518 1888 3582 Pater,
1922 3532 2044 3570 non
2091 3532 2197 3585 per
2228 3517 2660 3582 transfusionem

718 3602 1210 3672 refusionemque
1244 3609 1581 3657 mutuam...
1620 3607 1696 3657 De
1730 3606 1953 3669 Trinit„
1987 3605 2104 3672 VII,
2126 3608 2212 3659 31.
2603 3619 2606 3620 ’

744 3696 801 3744 et
830 3691 1010 3745 Filius
1042 3695 1150 3760 est,
1188 3707 1311 3745 non
1344 3693 1646 3760 acloptz'O...
1679 3695 1758 3746 De
1790 3695 2011 3762 Trinit„
2051 3695 2189 3760 VIII,
2223 3695 2310 3747 41.

577 3800 767 3883 Apud
812 3802 1211 3876 Ciceronem,
1249 3802 1601 3880 'transfusio
1631 3804 1801 3866 idem
1844 3815 2029 3867 sonat
2063 3826 2139 3867 ac
2169 3810 2440 3866 colluvio
2478 3810 2658 3887 (gen-

497 3899 708 3980 tium),
748 3909 813 3961 et
852 3901 1022 3982 apud
1076 3902 1352 3963 Plinium
1406 3902 1579 3963 idem
1621 3913 1813 3985 atque
1864 3908 2087 3982 effusio
2128 3903 2275 3986 (qua
2306 3904 2545 3986 aliquid
2583 3926 2661 3966 ex

496 4017 622 4058 uno
657 4017 809 4059 vase
844 4000 907 4058 in
938 3998 1209 4059 alterum
1237 4000 1605 4081 trajicitur).

573 4095 764 4175 Apud
787 4097 1054 4158 eximios
1100 4098 1448 4178 scriptores
1481 4102 1741 4174 adoptio
1774 4126 1846 4155 z
1871 4100 2132 4174 electi03
2167 4100 2338 4181 apud
2382 4101 2447 4164 S.
2487 4102 2662 4164 Hila-

498 4193 662 4254 rium
694 4194 814 4256 hoc
850 4215 1119 4276 prorsus
1151 4196 1527 4257 inusitatum
1557 4197 1749 4272 valet,
1790 4219 2023 4281 nempe
2060 4203 2273 4260 Filius
2304 4204 2659 4277 adoptivus,
