3371 4999
1057 874 1062 879 ,
1123 811 1410 879 CAPUT
1459 756 1938 879 SECUNDUM

1304 1018 1393 1080 nn
1435 988 1735 1080 numano

530 1433 719 1513 Apud
757 1434 823 1493 S.
867 1432 1178 1494 Hilarium
1209 1452 1336 1494 non
1375 1452 1580 1515 pauca
1610 1434 2019 1516 reperiuntur
2048 1435 2323 1518 pluralia
2347 1437 2604 1499 nomina

450 1550 593 1620 quae
624 1550 658 1590 a
692 1529 1132 1613 grammaticis
1162 1535 1598 1608 incorporalia
1628 1540 1970 1606 vocantur:
2004 1533 2141 1594 haec
2173 1541 2322 1595 sunt
2347 1553 2360 1595 :

449 1695 885 1751 Admirationes
1070 1696 1229 1751 oculi·
1266 1713 1391 1751 non
1440 1696 1846 1752 deflectuntur
1889 1698 1951 1753 in
1995 1698 2229 1769 aliquas
2268 1699 2604 1772 superflua-

592 1801 723 1839 rum
757 1802 959 1840 rerum
989 1786 1459 1841 admirationes...
1487 1789 1555 1841 In
1583 1789 1786 1842 Psalm.
1819 1791 1940 1855 140,
1976 1791 2062 1843 14.

447 1874 852 1930 Auctoritates
931 1882 988 1928 .’..
1033 1891 1103 1928 ex
1135 1875 1498 1946 propheticis
1533 1876 1984 1941 auetoritatibuS‚
2018 1877 2089 1931 ad
2120 1876 2456 1945 spiritalem
2487 1894 2597 1932 nos

471 2032 503 2038 Β·
591 1963 902 2018 scientiam
934 1963 1345 2019 cohortatur...
1378 1967 1446 2018 In
1471 1966 1675 2019 Psalm.
1718 1969 1835 2032 136,
1876 1969 1925 2020 6.

449 2051 856 2108 Beatitudines
1038 2054 1137 2123 qui
1183 2054 1345 2109 enim
1386 2054 1680 2108 memoria
1730 2059 2041 2109 recenseat
2091 2057 2369 2126 antiquas
2400 2054 2601 2128 gloriae

592 2141 721 2211 ejus
749 2147 808 2197 et
833 2142 1182 2196 innumeras
1208 2142 1579 2197 beatitudines
1596 2146 1687 2197 Σ)...
1712 2145 1779 2196 In
1805 2145 2008 2197 Psalm.
2036 2147 2122 2211 51,
2161 2149 2243 2198 19.

451 2229 768 2285 claritates
951 2247 1072 2285 non
1114 2230 1245 2285 dico
1287 2230 1361 2286 ad
1398 2226 1752 2302 angelorum
1808 2233 2094 2286 claritates
2151 2233 2263 2287 hoc
2324 2234 2600 2288 humanae

588 2318 833 2373 visionis
865 2318 1071 2373 lumen
1104 2319 1451 2374 habetati...
1483 2322 1548 2373 In
1580 2322 1782 2374 Psalm.
1817 2324 1938 2387 118,
1973 2324 2027 2386 8,
2058 2326 2132 2374 7.·

450 2400 955 2476 concupiscentiae
1138 2409 1566 2464 crucifixerunt
1610 2426 1826 2480 corpus
1862 2426 1997 2465 cum
2043 2411 2197 2464 vitiis
2234 2415 2291 2464 et
2338 2413 2602 2479 concupi-

588 2499 876 2551 scentiis..
909 2499 974 2551 In
1005 2498 1228 2565 Matth„
1264 2503 1351 2563 10,
1385 2502 1470 2553 25.
2074 2557 2078 2564 Δ

451 2586 853 2643 contritiones
1036 2603 1291 2657 quorum
1355 2587 1682 2659 alligaverit
1720 2592 2082 2643 contritiones
2123 2589 2466 2644 nominibus
2505 2605 2603 2643 vo·

593 2681 750 2730 cet...
780 2679 844 2730 In
864 2679 1070 2732 Psalm.
1103 2680 1223 2743 146,
1255 2680 1306 2731 5.
1350 2677 1363 2692 ³
2313 2749 2316 2750 ⁷

449 2764 791 2821 creationes
973 2766 1485 2837 magnificentiam-
1523 2767 1626 2820 Dei
1673 2782 1883 2820 omnes
1904 2752 2093 2836 'hujus
2124 2783 2361 2837 quoque
2389 2768 2598 2822 mundi

586 2856 961 2909 creationes...
996 2859 1360 2909 testentur...
1405 2857 1472 2909 In
1502 2856 1705 2909 Psalm.
1736 2859 1859 2924 118,
1893 2860 1976 2923 12,
2011 2859 2061 2909 9.
2157 2913 2162 2914 ff

448 2943 841 2999 Diversitates
1024 2944 1459 3020 sacrificiorum
1508 2945 1856 3000 diversitates
1914 2949 1971 2999 et
2022 2943 2599 3000 holocaustomatum

590 3031 972 3104 religiones...
1002 3035 1069 3086 In
1097 3035 1296 3087 Psalm.
1331 3038 1418 3099 91,
1444 3038 1492 3087 1.
1519 3098 1524 3103 ,

448 3120 777 3177 Divisiones
858 3147 917 3175 ...
960 3122 1178 3178 fides...
1225 3139 1355 3192 qua}
1409 3110 1648 3177 interim
1696 3123 1991 3177 donorum
2038 3124 2392 3178 divisionibus
2431 3123 2601 3178 ador-

589 3215 847 3266 natur...
876 3212 944 3265 In
976 3214 1177 3266 Psalm.
1213 3215 1301 3278 64,
1336 3214 1392 3266 6.
1723 3270 1728 3273 ,

447 3299 798 3355 Efficientiae
981 3300 1075 3353 his
1115 3300 1449 3354 secundum
1494 3300 1800 3355 naturales
1836 3317 2046 3355 eorum
2089 3301 2337 3355 virtutes
2377 3309 2435 3356 et
2481 3304 2599 3370 effi-

589 3390 820 3443 cientias
841 3394 1110 3444 utetur...
1137 3391 1204 3442 In
1245 3392 1448 3444 Psalm.
1484 3393 1605 3457 134,
1641 3394 1690 3444 1.

444 3476 780 3533 Ebrietates
963 3477 1268 3532 oderimus
1295 3479 1453 3532 rixas
1482 3484 1538 3532 et
1573 3480 1882 3533 ebrietates.
1917 3481 1984 3532 In
2015 3480 2215 3533 Psalm.
2248 3482 2369 3542 118,
2393 3482 2476 3544 13,
2509 3482 2592 3533 13.

446 3564 663 3621 Exsilia
846 3567 1056 3619 eoesiliis
1105 3565 1586 3636 episcoporum...
1655 3568 1808 3622 vires
1870 3573 2054 3622 auctae
2114 3573 2252 3621 sunt
2317 3567 2597 3636 profano—

588 3671 789 3709 rum...
814 3658 889 3709 De
929 3655 1160 3724 synod„
1187 3659 1274 3711 63.
2395 3643 2410 3656 ’

445 3742 897 3799 Imbecillitates
1080 3736 1290 3798 omnes
1338 3746 1785 3800 imbecillitatum
1817 3751 2156 3800 nostrarum
2189 3745 2424 3799 dolores
2459 3762 2594 3799 cum

586 3849 832 3903 corpore
865 3834 1075 3903 ejus...
1107 3834 1518 3888 moriuntur...
1552 3837 1618 3888 In
1641 3835 1875 3904 Matth„
1912 3838 1998 3903 31,
2032 3838 2117 3889 10.

443 3921 790 3990 Impietates
973 3922 1253 3976 omnibus
1293 3922 1537 3978 fallaciis
1579 3941 1785 3977 eorum
1832 3931 1889 3978 et
1926 3923 2304 3993 impietatibus
2347 3923 2590 3979 editis...

586 4014 662 4065 De
685 4014 906 4078 Trinit.,
940 4011 1028 4078 IV,
1062 4015 1112 4066 1.

444 4098 778 4156 Inanitates
963 4100 1438 4169 propositionum
1507 4103 1886 4156 adversarum
1943 4102 2361 4156 demonstratae
2404 4104 2592 4156 inani-

589 4194 796 4245 tateS...
831 4192 906 4243 De
936 4191 1160 4257 Trinit.,
1197 4191 1236 4258 Ι,
1273 4194 1359 4245 29.
