3371 4999
1120 281 1129 315 x

1377 371 1750 424 —125—

698 524 1026 593 nuncupet,
1072 520 1133 575 in
1162 525 1380 583 natura
1407 536 1549 576 vero
1595 521 1785 574 Deum
1816 521 2073 586 Patrem,
2109 524 2167 574 et
2198 535 2343 574 unus
2389 535 2458 597 ac
2490 520 2640 575 solus

694 607 997 677 personali
1041 605 1449 664 demutatione
1496 625 1556 663 se
1590 624 1756 662 nunc
1788 606 1849 661 in
1881 606 1996 662 alio
2028 607 2423 662 mentiatur...
2459 607 2639 680 (unus

699 697 775 765 ὥν,
809 712 877 750 ac
907 696 1114 766 solus).
1142 700 1219 752 De
1247 700 1471 766 Trinit.,
1506 698 1624 764 VII,
1659 700 1747 751 39.
1783 697 1869 750 Cf.
1903 697 2049 765 Stix,
2076 714 2134 766 p.
2167 700 2255 751 40.

1204 863 1265 919 2⁰
1294 876 1375 920 DE
1423 875 1920 920 COMPARATmNE

560 995 954 1056 Adverbium
981 997 1194 1077 magis
1224 996 1661 1078 comparativo
1695 995 1892 1057 semel
1925 995 2358 1077 adjungitur-⁴.

719 1121 1039 1188 promptior
1062 1121 1240 1187 maqis
1267 1120 1391 1189 spei
1419 1124 1637 1174 nostrae
1661 1135 1841 1189 quam
1868 1118 2053 1172 divini
2085 1119 2440 1173 sacramenti
2462 1118 2633 1173 effec-

694 1212 788 1262 tus
820 1213 974 1262 est...
1005 1211 1080 1262 De
1112 1210 1334 1277 Trinit„
1369 1210 1460 1277 IX,
1497 1211 1547 1262 4.

657 1367 714 1424 3⁰
762 1381 841 1423 DE
888 1380 1270 1425 Possssssivo
1313 1386 1344 1420 «
1379 1380 1535 1425 suus
1579 1386 1610 1419 »
1664 1381 1742 1423 ET
1791 1379 2158 1424 ΡΒΟΝΟΜΙΝΕ
2209 1385 2239 1418 «
2282 1381 2354 1424 SE
2390 1386 2420 1418 υ

558 1498 1005 1560 Possessivum
1040 1519 1196 1562 suus
1228 1509 1291 1560 et
1316 1519 1667 1581 pronomen
1692 1517 1760 1562 se
1789 1508 2184 1595 usurpantur
2204 1520 2239 1561 a
2264 1499 2330 1561 S.
2359 1499 2624 1573 Hilario,

504 1605 723 1658 contra
754 1617 1157 1658 communem
1187 1597 1493 1678 loquendi
1520 1597 2129 1658 consuetudinem.
2083 1598 2107 1633 2

726 1737 847 1775 non
882 1721 1045 1775 enim
1091 1721 1472 1788 concluditur
1512 1721 1658 1775 fides
1701 1736 1803 1774 sua
1833 1720 2111 1774 saeculis„
2124 1721 2236 1774 .Ιη
2265 1722 2466 1775 Psalm.
2504 1725 2625 1791 118,

687 1813 739 1877 6,
772 1815 824 1863 7.

723 1899 783 1952 in
832 1899 1049 1968 quihus
1103 1915 1236 1952 cum
1290 1914 1438 1968 opus
1480 1915 1641 1952 suum
1693 1898 1785 1966 sit,
1820 1912 2018 1952 tamen
2062 1903 2120 1952 et
2166 1914 2373 1953 eorum
2413 1899 2627 1969 quibus

681 1989 980 2058 judicium
1023 1993 1080 2042 et
1123 1987 1421 2057 justitiam
1472 1987 1632 2056 fecit,
1680 1987 1904 2041 utilitas
1948 1993 2101 2041 est...
2143 1990 2211 2041 Ιη
2247 1989 2451 2043 Psalm.
2500 1992 2622 2056 118,

688 2081 772 2145 16,
809 2081 858 2132 4.

720 2167 824 2220 sed
866 2166 969 2220 ubi
1014 2165 1244 2220 insidiae
1291 2170 1450 2233 sunt,
1495 2166 1597 2219 uhi
1644 2164 1868 2219 bellum
1916 2170 2023 2232 est,
2059 2181 2204 2235 opus
2244 2169 2334 2219 est
2378 2166 2623 2236 potioris

684 2255 910 2324 auxilii,
945 2271 1019 2308 ne
1054 2255 1113 2308 in
1142 2271 1197 2309 se
1239 2254 1325 2325 (in
1357 2255 1733 2325 prophetam)
1775 2254 2121 2308 dominetur
2158 2254 2354 2308 omnis
2385 2255 2622 2325 injusti-

684 2344 831 2399 tia...
863 2346 928 2397 1η
967 2345 1170 2398 Psalm.
1208 2347 1329 2411 118,
1365 2347 1450 2412 17,
1481 2346 1532 2397 8.

716 2450 837 2487 non
870 2433 1076 2504 utique
1108 2437 1175 2486 ut
1192 2433 1318 2486 hoec
1348 2433 1466 2486 Deo
1501 2417 1855 2503 proveniant
1885 2437 2227 2504 optamus...
2261 2436 2326 2486 ut
2351 2432 2622 2487 voluntas

679 2539 780 2577 sua
811 2522 987 2595 (ejus)
1017 2523 1184 2577 fiat...
1217 2525 1286 2576 In
1306 2509 1510 2577 Psalm.
1542 2525 1664 2590 134,
1700 2526 1788 2577 22.

717 2614 842 2667 haec
873 2617 1074 2667 autem
1112 2629 1141 2665 e
1173 2612 1474 2666 contrario
1521 2611 1782 2682 precatio
1826 2616 1933 2678 est,
1968 2614 2035 2665 ut
2073 2627 2196 2665 non
2243 2611 2472 2665 virtutis
2508 2628 2620 2667 suae

679 2700 842 2755 salus
895 2701 1218 2771 <prophetae
1261 2699 1606 2770 loquentis),
1655 2700 1762 2753 sed
1803 2697 2012 2753 salutis
2060 2715 2171 2753 suae
2214 2699 2397 2756 virtus
2436 2717 2470 2753 a
2500 2702 2617 2755 Deo

646 2789 818 2844 ‚sitm
853 2792 917 2843 In
945 2790 1146 2844 Psalm.
1187 2793 1304 2857 139,
1343 2793 1426 2843 10.

712 2879 815 2932 sed
847 2869 1304 2950 magnificentia}
1337 2882 1394 2931 et
1422 2877 1654 2931 virtutis
1683 2894 1796 2931 suae
1828 2882 1955 2931 erat
1984 2893 2017 2930 a
2047 2876 2222 2932 nohis
2254 2894 2401 2948 opus
2444 2877 2617 2933 intel-

681 2965 1062 3038 legendum...
1096 2970 1172 3021 De
1205 2969 1430 3035 Trinit.‚
1457 2968 1497 3034 Ι,
1528 2970 1578 3021 6.

714 3071 910 3125 neque
940 3056 999 3109 in
1022 3056 1307 3110 familiam
1335 3055 1577 3110 seminis
1598 3057 1685 3108 sui
1716 3054 2007 3125 (Abrahae)
2036 3072 2144 3126 per
2166 3056 2618 3117 benedictiones

677 3144 813 3199 fidei
847 3161 958 3198 suae
984 3151 1228 3199 renatus
1259 3144 1522 3199 evadis...
1558 3147 1635 3197 De
1668 3145 1893 3212 Trinit„
1928 3146 1991 3212 V,
2027 3148 2112 3199 15.

712 3234 782 3287 de
814 3250 999 3289 manu
1027 3250 1130 3288 sua
1159 3234 1398 3304 (Patris)
1429 3250 1605 3287 nemo
1638 3233 1857 3303 rapit...
1888 3236 1963 3286 De
1996 3235 2219 3302 Trinit„
2249 3236 2365 3302 VII,
2390 3238 2478 3288 22.

712 3339 859 3392 opus
891 3339 1028 3394 ergo
1059 3339 1222 3377 suum
1252 3323 1663 3376 testimonium
1698 3327 1855 3376 est...
1890 3325 1966 3375 De
2000 3324 2222 3387 Trinit„
2257 3323 2347 3391 IX,
2383 3327 2469 3376 20.

607 3412 807 3465 omnia
837 3428 967 3481 quoe
1005 3412 1191 3465 Patris
1229 3416 1389 3479 sunt,
1427 3428 1527 3465 sua
1567 3416 1707 3465 sunt
1736 3411 1977 3482 (Filii)...
2012 3414 2088 3465 De
2132 3413 2358 3480 Trinit„
2404 3412 2493 3477 IX,
2525 3415 2611 3466 31.

709 3517 813 3569 per
844 3501 902 3554 id
934 3517 1069 3554 vero
1103 3500 1261 3570 quod
1297 3500 1480 3553 tristis
1527 3505 1617 3554 est
1655 3500 1858 3554 anima
1886 3517 1991 3554 sua
2020 3500 2280 3571 (Christi)
2310 3515 2498 3570 usque
2539 3500 2612 3554 ad

672 3594 994 3644 mortem...
1024 3589 1296 3643 volunt...
1331 3592 1406 3643 De
1435 3591 1657 3657 Trina„
1691 3591 1756 3657 X,
1787 3594 1872 3643 22.

709 3679 936 3733 dictum
980 3679 1143 3733 enim
1175 3678 1245 3732 de
1279 3679 1545 3748 corporis
1579 3680 1669 3732 sui
1715 3679 1939 3748 templo
1982 3684 2134 3733 est...
2170 3682 2245 3732 De
2289 3681 2512 3748 Trinit„
2543 3680 2608 3748 X,

673 3771 759 3821 59.

704 3861 1144 3911 sacramentum
1189 3873 1352 3910 suum
1392 3862 1500 3923 est,
1543 3862 1599 3910 et
1645 3857 1705 3910 in
1750 3861 2016 3927 tempore
2062 3863 2119 3911 et
2149 3857 2209 3911 in
2244 3873 2491 3928 opere...
2534 3860 2611 3912 De

672 3947 892 4012 Trinit„
926 3947 1019 4014 XI,
1050 3949 1137 4000 69.

519 4096 562 4142 1.
601 4093 676 4142 Cf.
704 4094 922 4152 Goelzcr,
949 4094 1104 4142 Saint
1130 4094 1351 4152 Je'tome,
1383 4109 1432 4157 p.
1462 4096 1581 4154 40ος
1608 4122 1668 4129 -
1699 4095 1934 4154 Kuhner,
1964 4095 2029 4153 11,
2055 4109 2105 4157 p.
2131 4096 2239 4155 972,
2267 4096 2405 4143 Rem.
2434 4096 2479 4143 7.

517 4166 562 4213 2.
602 4164 677 4214 Cf.
705 4165 992 4227 Riemann,
1023 4168 1118 4228 39,
1152 4180 1202 4229 p.
1231 4167 1318 4213 23·
1321 4167 1398 4213 29.
