3371 4999
1316 473 1411 492 --.
1453 405 1573 500 123.
1601 475 1704 491 -.--

530 634 531 651 2
678 600 991 664 parentum
1038 596 1357 651 sedulitate
1404 597 1650 665 confoti,
1684 602 1909 652 exeunt
1958 600 2018 651 in
2058 597 2304 653 volatum
2342 596 2437 667 (ad
2488 613 2579 650 vo-

640 682 970 753 landum)...
1003 687 1070 739 In
1096 687 1294 740 Matth.
1323 689 1412 752 24,
1439 692 1522 740 11.
2413 684 2418 689 ’

672 775 730 826 in
771 774 1204 843 redemptionem
1230 777 1391 830 enim
1431 777 1664 830 venisse
1702 777 1912 830 domus
1943 774 2121 830 David
2147 773 2579 845 pravdicabatur

641 863 738 932 (ad
768 863 1277 933 redimendum)...
1308 867 1371 918 In
1404 866 1600 920 Matth.
1634 869 1722 930 21,
1758 870 1807 920 ὃ.

504 1001 560 1080 c)
606 996 869 1081 Aliquot
897 1002 1184 1082 ejusdem
1226 1003 1484 1084 generis
1514 1004 1774 1062 nomina
1807 1003 2041 1084 quibus
2076 1008 2221 1082 post
2253 998 2571 1083 praeponi-

425 1105 549 1169 tur,
588 1102 715 1178 pro‘¹
750 1098 963 1159 verbis
1004 1099 1068 1159 in
1122 1100 1310 1160 modo
1355 1100 1679 1180 personali
1725 1099 1954 1180 positis
2000 1100 2371 1181 junctisque
2430 1119 2573 1159 oum

423 1194 866 1275 conjunctione
908 1207 1267 1275 postquam,
1329 1197 1428 1258 vel
1466 1198 1656 1258 etiarn
1695 1219 1810 1280 pro
1862 1198 2217 1280 participiis
2266 1197 2574 1278 praeteriti

420 1294 731 1374 temporis
763 1295 1209 1376 subjiciuntur.
1396 1286 1397 1289 ¹
1538 1294 1543 1299 ’

669 1442 797 1505 post
844 1439 964 1491 sitis
1002 1441 1529 1506 protestationem...
1565 1437 1823 1507 subjecit
1852 1438 2186 1508 (postquam
2219 1440 2577 1507 protestatus

639 1520 819 1580 estse
853 1526 1108 1595 sitire)...
1142 1529 1208 1580 In
1235 1527 1438 1580 Psalm.
1473 1531 1560 1594 62,
1586 1530 1636 1580 4.
2550 1540 2554 1549 ·

668 1621 798 1682 post
840 1622 1230 1669 ereaturarum
1275 1616 1655 1670 laudationem
1706 1618 1862 1685 (post
1907 1615 2176 1669 laudatas
2228 1612 2572 1684 creaturas).

638 1706 702 1756 In
735 1706 935 1758 Psalm.
974 1709 1091 1773 149,
1122 1709 1171 1759 3.

668 1800 795 1862 post
822 1794 1143 1847 Iudaeorum
1185 1796 1671 1849 insectationem...
1703 1795 1969 1849 Christus
2003 1795 2075 1847 ad
2109 1800 2383 1863 genteS...
2422 1799 2579 1848 tran·

548 1912 551 1917 ·
634 1883 710 1935 sit
737 1883 1073 1954 (postquam
1102 1884 1339 1939 Judaeos
1369 1884 1696 1939 insectatus
1723 1884 1901 1953 est)...
1937 1887 2002 1936 In
2030 1885 2254 1947 Mateta„
2289 1888 2340 1949 1,
2374 1886 2425 1936 6.

667 1978 797 2040 post
845 1971 1109 2042 quinque
1143 1972 1401 2027 millium
1433 1973 1693 2027 virorum
1718 1979 1775 2026 et
1803 1975 2295 2040 conqreyationem
2321 1978 2378 2025 et
2401 1974 2573 2026 satie-

639 2067 805 2113 tatem
836 2062 1170 2132 (postquam
1201 2062 1581 2134 congregavit
1607 2068 1665 2116 et
1695 2062 2010 2131 satiavit)...
2047 2065 2112 2114 In
2138 2063 2335 2116 Matth.
2373 2065 2459 2127 14,
2488 2064 2572 2116 19.

668 2157 798 2217 post
851 2153 1225 2218 coqnitionem
1284 2153 1419 2220 [eois
1476 2157 1533 2206 et
1586 2153 2008 2222 prophetarum
2082 2152 2234 2222 (post
2276 2150 2575 2222 cognitam

635 2238 919 2310 legem)...
948 2243 1022 2294 De
1051 2243 1277 2304 'Pr-init..
1316 2244 1354 2309 Ι,
1391 2246 1474 2295 10.

501 2385 565 2465 d)
616 2384 822 2445 Unum
865 2395 1114 2447 tantum
1152 2407 1382 2448 nomen
1423 2387 1526 2447 cui
1571 2387 1968 2468 praeponitur
2001 2407 2202 2466 usque
2242 2391 2329 2461 in,
2364 2386 2574 2447 locum

421 2491 598 2545 tenet
621 2484 801 2545 verbi
836 2484 937 2546 cui
969 2486 1312 2567 apponitur
1337 2489 1495 2548 adeo
1525 2496 1614 2546 ut.

674 2615 1007 2704 fragmenta
1037 2616 1275 2685 paniS...
1312 2632 1485 2685 usque
1526 2617 1584 2669 in
1626 2616 1938 2671 duodecim
1978 2615 2367 2685 cophinorum
2397 2615 2575 2683 pleni-

480 2707 483 2714 “
559 2719 563 2732 ‘
639 2705 885 2758 tudinem
933 2705 1389 2759 abundaverunt
1438 2706 1611 2775 (adeo
1660 2699 1728 2758 ut
1775 2704 2242 2774 impleverint)...
2277 2707 2342 2757 In
2373 2704 2573 2757 Matth.

641 2797 725 2860 14,
755 2799 842 2849 11.

500 2934 582 2989 Ν.
626 2934 712 3024 1Β.
764 2931 972 2992 Unum
1019 2952 1249 2993 nomen
1304 2931 1403 2992 cui
1468 2931 1865 3013 praeponitur
1912 2952 2077 3004 cum,
2130 2950 2246 3012 pro
2295 2929 2574 2990 ablativo

425 3028 719 3089 absoluto
751 3028 1108 3109 subjicitur.

675 3161 797 3197 eum
827 3145 1200 3199 admiratione
1238 3147 1521 3199 hominum
1554 3146 2009 3217 (admirantibus
2036 3144 2395 3213 hominibus)
2425 3161 2577 3215 pra·-

639 3235 826 3303 ceptis
854 3234 983 3303 ejus
1014 3242 1255 3288 ventum
1286 3240 1342 3288 et
1370 3251 1530 3288 mare
1559 3235 1919 3290 oboedisse...
1956 3238 2018 3288 In
2046 3235 2269 3301 Mattli„
2299 3238 2351 3302 8,
2379 3238 2427 3286 1.

600 3459 660 3512 2⁰
697 3472 778 3515 DE
830 3471 945 3516 usu
997 3471 1293 3514 ΝοΜιΝυΜ
1341 3471 1477 3524 om:
1522 3470 1830 3524 TANQUAM
1884 3477 1913 3507 «
1959 3469 2312 3512 Ain-mnam
2362 3474 2391 3506 »

991 3579 1333 3622 smGULAm
1382 3578 1557 3622 mono
1608 3577 2027 3621 usURPANTua

503 3724 691 3806 Apud
756 3725 1020 3787 Graecos
1084 3726 1340 3786 nomina
1417 3736 1811 3808 usurpantur
1879 3725 2197 3785 interdum
2265 3711 2571 3806 tanquam

427 3825 733 3883 attributa
764 3844 908 3885 cum
940 3824 1278 3905 participio
1309 3830 1412 3899 <3323
1449 3825 1618 3905 apud
1645 3825 1711 3885 S.
1751 3824 2064 3884 Hilarium
2109 3823 2332 3884 codem
2378 3823 2567 3883 modo

426 3931 840 4003 usurpantur,
885 3922 1007 3982 nisi
1053 3923 1222 4004 quod
1270 3923 1451 3983 abest
1499 3922 1930 4005 participium,
1981 3943 2124 3984 oum
2170 3920 2572 3982 desideretur

461 4019 872 4101 participium
900 4020 1079 4080 verbi
1109 4043 1278 4082 sum.

487 4231 529 4277 1.
567 4228 641 4277 Cf.
676 4229 807 4289 Stix,
842 4246 893 4295 p.
923 4233 981 4280 38
1008 4234 1061 4281 et
1094 4247 1205 4296 seq.
