3371 4999
1337 447 1732 497 ——77-—‘

424 589 679 654 Jubere.
713 627 791 636 —-
814 591 964 654 Haec
997 612 1122 653 vox
1152 593 1275 654 hoc
1307 593 1639 678 singulare
1668 602 1856 655 sonat
1905 591 2076 675 apud
2110 593 2179 655 S.
2236 568 2575 666 Hilarium,

526 708 757 771 nempe
788 674 944 751 dare
975 695 1161 769 lege-3,
1196 695 1468 770 imperto
1506 712 1760 769 regere.

620 813 864 868 ..Iubere
891 815 1127 870 ventis„
1141 818 1264 870 .De
1297 816 1673 884 Trinit..V11‚
1706 818 1791 875 36.

425 950 820 1016 manducare.
875 989 955 998 —
1006 951 1195 1035 Apud
1256 953 1534 1014 Plinium
1574 961 1637 1014 et
1678 951 2013 1026 Senecam,
2073 953 2361 1013 dentibus
2407 963 2580 1013 eoece-

507 1066 745 1125 nuare;
775 1051 946 1131 apud
979 1051 1044 1112 S.
1085 1050 1628 1124 Hilarium,vesoi.
1658 1050 1756 1112 Cf.
1799 1052 2079 1123 Goelzer,
2115 1071 2175 1131 p.
2213 1053 2349 1111 177.

664 1171 896 1228 labores
923 1173 1227 1228 fructuum
1260 1190 1506 1229 suorum
1528 1174 2015 1228 manducabunt...
2045 1175 2113 1227 In
2141 1175 2344 1228 Psalm.
2376 1176 2496 1242 127,
2526 1176 2578 1226 6.

429 1310 700 1373 Manere.
745 1347 824 1354 -—
872 1308 1158 1371 Verbum
1202 1312 1612 1373 notissimum
1657 1331 1918 1372 manere
1964 1309 2133 1371 idem
2186 1310 2358 1371 valet
2412 1310 2584 1392 apud

513 1406 580 1468 S.
616 1405 957 1480 Hilarium,
992 1416 1184 1490 atque
1219 1429 1376 1471 esse.

664 1530 808 1585 dum
837 1533 995 1586 Deus
1027 1548 1098 1586 ex
1129 1533 1248 1587 Deo
1274 1549 1503 1587 manens
1527 1532 1664 1603 (ὢν),
1710 1548 1832 1586 non
1858 1536 1944 1586 est
1972 1530 2215 1586 aliunde
2246 1532 2404 1602 quod
2428 1533 2584 1586 Deus

646 1624 801 1674 est...
829 1622 906 1674 De
938 1621 1316 1690 Trinit.,.vl1,
1352 1625 1439 1676 3¹.
1470 1619 1553 1674 Cf.
1587 1622 1732 1687 sciat,
1766 1638 1822 1690 p.
1857 1622 1941 1674 19.
2629 1606 2633 1611 “

675 1724 802 1763 esse
831 1713 1030 1762 autem
1055 1710 1118 1763 in
1149 1709 1343 1764 forma
1383 1710 1486 1764 Dei
1523 1725 1643 1763 non
1680 1708 1796 1764 alia
1834 1707 2245 1780 intellegentia
2284 1713 2372 1763 est
2406 1725 2582 1778 quam

646 1796 707 1850 in
739 1797 841 1851 Dei
865 1813 1093 1855 manere
1123 1805 1382 1853 natura..
1394 1801 1525 1853 ‚De
1552 1799 1777 1865 Trinit„
1813 1797 1902 1865 IX,
1933 1801 2019 1852 39.
2059 1796 2143 1851 Cf.
2173 1798 2319 1864 Stioe,
2353 1814 2408 1866 p.
2443 1800 2493 1851 5.

433 1933 701 2015 Negare.
735 1971 813 1978 —
844 1934 996 1995 Haec
1028 1955 1151 2021 vox
1194 1935 1315 1996 hoc
1346 1935 1677 2017 singulare
1723 1942 1911 1996 sonat
1935 1933 2105 2015 apud
2141 1933 2209 1995 S.
2242 1933 2579 2035 Hilarium,

542 2052 771 2113 nempe
801 2034 1066 2107 ejurare
1105 2032 1461 2114 (aliquem).

632 2172 769 2221 .ter
794 2184 930 2222 eum
962 2175 1299 2236 neqaturum
1321 2184 1382 2222 se
1414 2184 1540 2223 esse
1570 2167 1945 2238 respondit...
1980 2169 2055 2220 De
2083 2168 2307 2233 Trina„
2330 2168 2397 2236 X,
2423 2170 2509 2221 37.

433 2305 862 2386 Peregrinari.
910 2340 986 2350 —
1034 2302 1224 2387 Apud
1287 2305 1566 2388 optimos
1621 2305 1997 2385 scriptoreS,
2053 2308 2173 2364 iter
2221 2312 2435 2379 faeere
2482 2305 2583 2366 vel

515 2409 766 2464 versari
790 2408 855 2463 in
891 2415 1063 2465 terra
1095 2409 1332 2476 aliena,
1398 2403 1497 2464 vel
1530 2402 1722 2463 etiam
1752 2406 2016 2463 minime
2041 2413 2360 2464 notescere
2394 2402 2474 2483 (si
2505 2402 2582 2462 de

514 2505 706 2563 rebus
751 2502 990 2585 agitur)
1021 2524 1034 2577 3
1073 2502 1243 2585 apud
1273 2503 1339 2564 S.
1368 2501 1681 2571 Hilarium
1714 2504 1919 2577 dejici
1945 2509 2054 2561 aut
2073 2496 2296 2577 repelli
2322 2502 2383 2581 (a
2413 2502 2577 2584 spe).

677 2643 711 2682 a
739 2643 840 2697 spe
871 2625 1167 2698 Evangelii
1191 2628 1703 2695 pereqrinantur...
1738 2626 1814 2678 De
1837 2625 2060 2690 Trinic„
2095 2626 2186 2690 IX,
2218 2629 2305 2679 51.

434 2766 856 2847 Regenerare.
890 2800 966 2809 --
1019 2764 1206 2845 Apud
1265 2763 1565 2835 Plinium,
1610 2771 1788 2841 ferre
1831 2766 2314 2823 similitudinem
2334 2780 2360 2838 ,·
2415 2763 2581 2845 apud

516 2862 582 2924 S.
613 2862 928 2924 Hilarium
953 2866 1108 2923 vitia
1139 2866 1380 2922 tollere.

687 2999 823 3040 cum
873 2986 1065 3055 prima
1108 3001 1219 3038 nos
1260 2983 1398 3038 libri
1452 2984 1633 3053 hujus
1680 2982 2137 3053 quadragesima
2186 2991 2468 3051 reqeneret
2510 2983 2585 3037 ad
2646 2962 2650 2970 Ἴ

652 3075 1129 3130 innocentiam...
1162 3076 1231 3127 In
1261 3074 1462 3127 Psalm.
1498 3077 1619 3139 150,
1655 3077 1706 3126 1.

438 3212 760 3276 Relaxare.
816 3249 894 3256 —
946 3211 1134 3294 Apud
1193 3211 1258 3272 S.
1319 3211 1656 3285 Hilarium,
1703 3210 1840 3271 haec
1892 3230 2015 3270 vox
2072 3209 2192 3271 hoc
2255 3208 2587 3290 singulare

520 3319 708 3371 sonat
737 3330 966 3392 nempe
997 3312 1382 3370 debitoribus
1413 3313 1771 3369 condonare
1806 3308 2180 3390 (pecunias).

678 3448 855 3487 omne
881 3432 1166 3486 Dominus
1197 3432 1462 3487 debitum
1490 3433 1838 3485 relaoeavit...
1873 3433 1938 3483 Ιη
1969 3431 2166 3483 Matth.
2203 3432 2284 3496 18,
2320 3433 2406 3484 11.

440 3570 926 3651 superinduere.
978 3607 1055 3615 -—-
1085 3567 1274 3651 Apud
1313 3569 1715 3644 Suetonium,
1750 3572 2010 3628 induere
2059 3570 2380 3649 (vestem);
2415 3565 2585 3646 apud

524 3667 590 3729 S.
626 3667 967 3740 Hilarium,
1002 3687 1238 3744 anyere
1273 3666 1697 3746 (honoribus).

679 3789 1054 3858 superinduta
1082 3789 1158 3842 sit
1184 3788 1413 3842 honore
1445 3787 1737 3841 caelesti...
1767 3789 1832 3839 Ιη
1858 3787 2059 3839 Psalm.
2091 3789 2180 3853 67,
2213 3788 2299 3839 37.

439 3926 780 3990 ventilare.
827 3963 906 3970 -—
954 3923 1145 4006 Apud
1219 3924 1284 3985 S.
1342 3924 1676 3996 Hilarium,
1730 3923 1866 3983 haec
1914 3941 2038 3982 vox
2085 3922 2205 3982 hoc
2254 3919 2584 4003 singulare

521 4022 725 4095 sonat,
756 4043 985 4104 nempe
1007 4026 1257 4083 abditos
1287 4042 1508 4081 sensus
1527 4025 1883 4098 eoequz'rere.
1908 4019 2005 4081 Cf.
2031 4021 2305 4092 Goelzer,
2320 4067 2333 4092 ,
2355 4038 2417 4099 p.
2444 4018 2586 4078 256.

682 4163 875 4217 neque
906 4146 1136 4201 ratione
1165 4133 1363 4215 aliqua
1387 4146 1629 4200 virtutes
1660 4144 1764 4198 Dei
1793 4145 2134 4197 ventilare...
2166 4145 2239 4196 De
2267 4143 2487 4210 Trinit„
2519 4156 2586 4210 Χ,

654 4239 743 4289 70.
