3371 4999
806 579 1004 646 latini
1063 581 1463 669 scriptores,
1523 581 1741 648 animi
1797 578 2071 646 cultura
2129 578 2248 644 alii
2302 577 2385 645 ab
2434 578 2595 645 aliis
2651 580 2956 647 multum

805 690 1330 759 dissentiebant.
1394 694 1477 759 Et
1537 715 1703 760 vero
1763 691 2111 759 Minucius
2181 690 2370 757 Felix
2430 696 2497 756 et
2556 691 2959 759 Lactantius

806 805 916 872 cni
992 827 1151 871 cum
1228 806 1532 874 Minucio
1605 806 1922 894 proxima
1988 805 2311 893 cognatio
2379 810 2484 870 est
2548 827 2952 894 quanquam

805 914 1030 981 multo
1094 923 1249 1004 post
1319 918 1579 999 floruit,
1647 916 2007 982 informati
2078 920 2242 981 sunt
2307 920 2580 981 tantum
2642 921 2957 982 veterum

802 1028 1273 1097 Romanorum
1315 1030 1689 1112 artibUS,et
1743 1029 2070 1119 quamvis
2125 1029 2383 1096 Christi
2433 1020 2730 1097 studiosi
2789 1030 2954 1111 sint,

802 1141 1193 1209 Stoicorum
1252 1142 1701 1231 disciplinam
1761 1165 1903 1209 non
1963 1143 2254 1209 omnino
2302 1140 2658 1229 ejecerunt
2680 1163 2700 1224 ;·
2760 1141 2958 1208 Chri-

803 1260 987 1320 stum
1054 1255 1239 1321 enim
1314 1255 1816 1344 sequebantur,
1898 1256 2064 1344 quia
2136 1254 2594 1344 profitebatur
2669 1255 2958 1320 unicum

802 1390 950 1433 esse
1014 1368 1231 1435 Deum
1279 1376 1375 1435 'et
1436 1369 1522 1437 ad
1592 1371 1842 1437 miram
1910 1370 2067 1436 vitae
2131 1370 2576 1436 sanctitatem
2634 1346 2958 1435 homines

803 1481 1326 1563 coliortabatur;
1382 1483 1503 1551 sed
1546 1485 1618 1549 in
1662 1505 1961 1549 numero
2001 1482 2495 1572 theologorum
2532 1481 2741 1548 rebus
2781 1480 2960 1548 divi-

802 1594 914 1660 nis
952 1595 1389 1662 eruditorum
1418 1598 1662 1686 reponi
1700 1619 1841 1662 non
1879 1602 2198 1685 possunt,
2230 1601 2298 1661 et
2329 1594 2675 1661 scribendi
2707 1617 2957 1685 genere

801 1730 841 1773 a
880 1708 1235 1775 veteribus
1276 1708 1736 1799 scriptoribus
1777 1732 1919 1777 non
1962 1709 2265 1776 multum.
2308 1708 2669 1776 differunt.

890 1822 979 1889 At
1018 1828 1258 1889 contra
1298 1821 1777 1890 Tertullianus
1834 1828 1903 1889 et
1954 1822 2075 1912 qui
2117 1821 2202 1889 ab
2254 1844 2334 1889 eo
2375 1828 2541 1888 sunt
2571 1821 2955 1912 Cyprianus

801 1941 868 2001 et
923 1936 1274 2003 Arnobius
1333 1937 1643 2003 semitica
1720 1944 1785 2004 et
1849 1937 2172 2003 orientali
2228 1936 2480 2002 imbuti
2533 1942 2697 2002 sunt
2755 1934 2956 2002 disci-

800 2047 1019 2136 plina,
1062 2053 1268 2137 atque
1319 2072 1474 2116 eam
1523 2051 1867 2117 sermonis
1909 2049 2331 2139 elegantiam
2376 2070 2582 2136 quam
2627 2069 2950 2136 prosecu-

798 2170 911 2228 tus
954 2162 1305 2230 Minucius
1363 2164 1557 2229 Felix
1617 2166 1716 2231 ita
1776 2164 2236 2252 consequitur
2292 2170 2368 2229 ut
2410 2163 2833 2228 Frontonem
2884 2168 2952 2228 et

801 2274 1182 2364 Apuleium
1240 2283 1309 2343 et
1358 2276 1622 2343 Aulum
1678 2277 1988 2344 Gellium
2043 2275 2320 2342 dicendi
2360 2284 2508 2342 arte
2545 2274 2946 2355 antecellat,

800 2387 1099 2477 superbe
1180 2389 1658 2457 Tertullianus
1736 2382 2152 2458 contemnit¹
2206 2396 2444 2478 utpote
2520 2388 2950 2456 redolentem

799 2503 1058 2570 falsum
1101 2503 1391 2570 deorum
1451 2506 1722 2572 cultum
1776 2527 1933 2572 cum
1978 2527 2117 2593 quo
2159 2503 2468 2592 aliquam
2510 2504 2951 2591 conjunctio-

798 2640 961 2682 nem
1004 2616 1137 2683 sibi
1179 2640 1327 2684 esse
1367 2618 1661 2684 moleste
1705 2620 1993 2707 patitur.

890 2730 1084 2811 Quod
1145 2730 1229 2797 ad
1288 2731 1358 2797 S.
1420 2731 1769 2797 Hilarium
1825 2737 2112 2819 spectat,
2174 2753 2314 2796 non
2383 2730 2635 2795 iisdem
2696 2728 2951 2818 quibus

798 2843 1273 2911 Tertullianus
1315 2843 1882 2911 institutionibus
1918 2851 2022 2910 est
2052 2844 2391 2926 erudituS,
2423 2865 2649 2931 neque
2679 2848 2950 2908 tantum

797 2955 882 3022 ad
957 2979 1322 3023 romanam
1387 2957 1903 3024 humanitatem
1970 2957 2389 3023 informatus
2460 2962 2536 3021 ut
2603 2954 2952 3021 Minucius

799 3070 993 3136 Felix
1049 3076 1116 3136 et
1173 3072 1602 3152 Lactantius3
1665 3073 1783 3139 sed
1840 3074 1912 3138 in
1963 3095 2041 3139 eo
2096 3073 2462 3162 ingenium
2514 3092 2673 3136 cum
2722 3053 2952 3134 roma-

795 3207 967 3251 num
1010 3191 1162 3250 tum
1200 3185 1878 3274 ytzveocleristianwn
1919 3187 2221 3276 quadam
2266 3188 2591 3254 societate
2644 3184 2949 3272 primum

790 3297 1213 3387 junguntur.

885 3407 1350 3492 Quamobrem
1393 3437 1658 3481 novum
1719 3437 1956 3481 rerum
2000 3401 2347 3497 ordinem,
2405 3425 2481 3483 ut
2534 3419 2629 3485 ita
2691 3419 2945 3502 dicam,

797 3525 1139 3605 instituit3
1210 3527 1471 3591 etenim
1514 3527 1772 3593 latinos
1828 3527 2063 3594 docuit
2124 3528 2609 3618 theologorum
2652 3532 2952 3597 Alexan·
3021 3515 3028 3519 ⁶

798 3637 1153 3703 (hinorum
1205 3639 1655 3728 disciplinam
1723 3642 1994 3720 sectari,
2050 3641 2118 3707 id
2162 3651 2266 3709 est
2323 3643 2698 3731 alleqoriccz
2740 3646 2950 3711 inter-

799 3752 1182 3839 pretatione
1224 3754 1325 3818 uti
1368 3754 1440 3818 in
1482 3753 1919 3843 explananda
1960 3754 2171 3821 Sacra
2219 3756 2579 3844 Scriptura
2616 3764 2825 3846 atque
2864 3756 2949 3823 ad

798 3866 1299 3932 altissimarum
1349 3890 1580 3934 rerum
1638 3870 2306 3956 contemplationem
2387 3893 2457 3935 se
2516 3872 2813 3959 erigere3
2881 3877 2949 3937 et

798 4002 1037 4045 revera
1077 3979 1142 4045 S.
1189 3979 1605 4047 Ambrosius
1666 3990 1733 4048 et
1792 3982 1861 4046 S.
1911 3983 2377 4072 Hieronymus
2439 3990 2506 4049 et
2559 3985 2624 4051 S.
2671 3986 2947 4074 Augus-

862 4205 906 4252 1.
946 4202 1020 4251 Cf.
1054 4218 1105 4266 p.
1136 4206 1179 4252 5.
