3371 4999
1626 399 2000 457 —154—

2742 500 2897 553 Pagos.

862 577 913 624 3·
948 575 1022 623 De
1054 562 1342 636 adjectivis
1375 571 1698 622 cadentibus
1723 571 1780 621 in
1801 572 1967 622 -ndus
1974 610 2605 625 .....................
2680 574 2769 622 118

860 646 911 692 4·
945 645 1020 693 De
1053 642 1383 708 participi0.‘
1385 681 1988 694 ....................
1991 704 1998 710 ,
2008 681 2612 694 ....................
2686 645 2777 692 119

782 790 973 838 'CAPUT
1008 788 1117 838 vn.
1145 814 1204 824 —
1228 787 1318 840 De
1342 798 1467 839 usu
1497 786 1914 850 quorumdam
1948 788 2285 839 verborum
2311 799 2387 857 ao
2415 787 2821 841 locutionum

1611 857 2029 911 luculentiore

743 980 783 1029 Ι.
819 979 891 1027 De
917 976 1138 1028 nomine
1151 1016 2599 1029 ...............................................
2678 980 2768 1027 120
2849 990 2850 993 ’

865 1052 916 1098 1··
948 1051 1020 1098 De
1045 1063 1152 1098 usu
1179 1049 1468 1098 nominum
1501 1062 1621 1112 quoe
1645 1048 2011 1112 incorporalia
2030 1048 2284 1098 dicuntur
2289 1087 2606 1099 ...........
2683 1051 2893 1100 120-123

867 1123 916 1170 2·
951 1121 1026 1169 De
1051 1132 1155 1168 usu
1195 1118 1484 1168 nominum
1550 1133 1670 1183 quae
1720 1121 1987 1181 tanquam
2030 1118 2297 1168 attributa
2351 1119 2616 1183 singulari

930 1191 1092 1240 modo
1116 1192 1450 1253 usurpantur
1455 1227 2612 1241 ......................................
2629 1198 2634 1205 ’
2688 1192 2894 1253 123424

870 1265 918 1310 3⁰
952 1262 1028 1311 De
1052 1275 1159 1311 usu
1183 1261 1468 1310 nominum
1494 1259 1916 1323 incorporalium
1944 1274 2199 1323 quaecum
2215 1261 2381 1310 verbo
2405 1276 2512 1310 esse
2532 1263 2652 1324 jun-

929 1334 1129 1396 guntur
1139 1370 2613 1383 ................................................
2687 1333 2777 1380 124

767 1403 833 1453 11.
870 1404 946 1452 De
971 1401 1239 1465 adjectivo
1266 1440 2613 1453 ............................................
2689 1405 2778 1451 124

871 1479 921 1525 1·
956 1478 1031 1526 De
1057 1475 1338 1538 adjectivis
1372 1490 1493 1539 quae
1539 1478 1803 1539 tanquam
1844 1475 2107 1524 attributa
2157 1475 2413 1539 singulari
2461 1477 2623 1526 modo

963 1550 1293 1610 usurpantur
1297 1584 2611 1598 ...........................................
2689 1549 2896 1597 124-125

866 1620 919 1666 2·
954 1619 1027 1667 De
1047 1618 1452 1680 comparatione
1464 1655 2618 1669 ......................................
2693 1621 2780 1668 125

869 1693 918 1740 3⁰
954 1690 1029 1739 De
1051 1690 1361 1753 possessivo
1385 1704 1512 1738 suus
1536 1692 1589 1738 et
1624 1689 1945 1753 pronomine
1976 1704 2029 1739 se
2040 1729 2611 1741 ...................
2687 1692 2897 1747 125-126

745 1763 835 1813 111.
852 1760 853 1763 ’
872 1763 948 1812 De
973 1761 1295 1826 pronomine
1301 1799 2613 1813 ...........................................
2689 1765 2779 1811 126

802 1898 803 1901 ¹
870 1838 918 1885 1·
953 1838 1028 1886 De
1059 1836 1377 1899 pronomine
1398 1835 1824 1885 demonstrativo
1980 1877 2613 1887 .....................
2690 1841 2778 1886 126

868 1910 920 1956 2·
956 1908 1029 1956 De
1064 1907 1386 1972 pronomine
1422 1907 1812 1970 interrogativo
1825 1947 2612 1958 ..........................
2690 1911 2896 1957 126-127

875 1984 925 2031 3·
959 1982 1035 2030 De
1060 1976 1381 2044 pronomine
1408 1980 1688 2030 indefinito
1700 2021 2613 2033 ..............................
2689 1984 2898 2032 127-128

747 2053 836 2104 lv.
873 2055 948 2102 De
971 2051 1228 2102 adverbio
1242 2092 2619 2104 .............................................
2697 2056 2783 2102 128

792 2179 799 2185 ,
851 2125 922 2186 1·
956 2125 1029 2173 De
1050 2123 1322 2173 adverbiis
1347 2128 1563 2186 tempus
1585 2122 2015 2186 significantibus
2044 2163 2614 2175 ...................
2690 2127 2780 2173 128

872 2197 923 2244 2·
958 2195 1031 2244 De
1057 2193 1327 2243 adverbiis
1350 2194 1533 2243 locum
1559 2194 1994 2257 significantibus
2006 2233 2608 2245 ....................
2687 2198 2774 2245 129

876 2269 925 2314 3·
961 2267 1037 2315 De
1060 2264 1336 2314 adverbiis
1365 2265 1729 2327 quantitatem
1756 2264 2186 2327 significantibus
2198 2305 2614 2316 ..............
2691 2267 2778 2314 129

873 2340 924 2385 4⁰
960 2338 1034 2386 De
1056 2336 1328 2386 adverbiis
1355 2335 1812 2399 interrogantibus
1825 2375 2615 2387 ..........................
2692 2338 2900 2386 129-130

875 2411 923 2457 5⁰
958 2410 1031 2458 De
1053 2407 1322 2456 adverbiis
1344 2407 1667 2472 negantibus
1679 2443 2616 2458 ...............................
2692 2408 2895 2456 130-131

749 2482 811 2532 V.
844 2480 922 2530 ¹De
948 2478 1335 2545 praepositione
1347 2518 2607 2530 .........................................
2683 2481 2768 2527 131
2851 2537 2857 2548 ⁸

872 2554 947 2601 De
970 2566 1071 2600 usu
1096 2549 1455 2614 quarumdam
1481 2549 1932 2613 praepositionum
1945 2590 2610 2601 ......................
2689 2552 2905 2598 131-132

751 2625 835 2675 VI.
872 2624 945 2676 De
974 2622 1362 2684 conjunctione
1369 2658 2622 2672 .........................................
2696 2623 2784 2670 132
2848 2636 2855 2645 ·

877 2697 925 2742 1·
960 2694 1033 2742 De
1058 2692 1542 2754 conjunctionibus
1570 2691 1892 2754 copulativis
1901 2730 2621 2743 ........................
2697 2695 2787 2740 132
2849 2710 2853 2714 ·

874 2768 925 2814 2·
960 2766 1035 2813 De
1064 2763 1542 2828 conjunctionibus
1564 2763 1923 2811 adversativis
1931 2800 2623 2814 .......................
2700 2765 2785 2811 133

875 2839 924 2884 3⁰
958 2838 1032 2885 De
1058 2834 1537 2898 conjunctionibus
1558 2833 1867 2882 causalibus
1896 2874 2622 2885 ........................
2698 2836 2786 2882 133

783 2925 787 2932 ·
876 2912 928 2955 4·
955 2906 1127 2964 Quam
1153 2905 1333 2954 sedem
1357 2906 1605 2967 quaedam
1620 2905 2032 2966 conjunctiones
2051 2906 2107 2953 in
2122 2905 2363 2954 oratione
2375 2905 2627 2954 habeant.
2695 2903 2905 2954 133-134

879 2979 928 3025 5·
957 2978 1028 3026 De
1055 2977 1320 3040 asyndeto
1333 3015 1655 3026 ...........
1668 3019 1671 3022 ,
1676 3015 2277 3027 ....................
2290 3023 2294 3027 .
2299 3016 2621 3027 ...........
2697 2978 2786 3024 134

1575 3148 1755 3202 PARS
1804 3148 2090 3211 QUARTA

1322 3281 1432 3332 DE
1493 3279 1949 3333 SCRIBENDI
1989 3279 2330 3333 GENERE
2675 3273 2910 3331 135-140

680 3442 685 3446 ’
751 3433 1007 3482 Emmaus
1019 3468 2405 3482 .............................................
2410 3432 2413 3436 ’
2428 3468 2625 3480 .......
2702 3430 2910 3477 141-142
