3371 4999
1640 383 2009 433 —130—

995 546 1124 600 qua*
1155 530 1252 584 hic
1278 529 1524 584 humani
1571 546 1786 584 sensus
1814 531 2226 604 intellegentia
2258 538 2345 586 est
2360 532 2387 584 ἶ)
2415 533 2642 587 Anne...
2683 535 2744 587 in
2768 551 2903 589 con-

963 636 1102 673 cavo
1129 619 1327 689 aliquo
1361 625 1419 672 et
1446 621 1815 674 communito
1837 622 2269 676 -thesaurorum
2298 621 2427 675 loco
2462 623 2732 676 conditos
2773 640 2898 678 esse

956 713 1162 762 ventos
1193 707 1666 762 existimabimus
1683 708 1777 763 ἱ)...
1805 711 1871 762 In
1900 710 2124 776 Psalm„
2161 712 2281 775 134,
2320 714 2403 764 12.

994 813 1195 867 quaero
1226 814 1370 850 anne
1401 813 1524 851 non
1555 813 1745 852 unum
1773 798 1915 852 sit...
1951 801 2023 851 De
2057 800 2255 852 Trinit.
2288 800 2403 866 VII,
2435 803 2521 854 25.

827 937 882 1015 b)
917 935 979 997 Si
1013 935 1132 1014 (ne,
1166 937 1374 1015 num)⁴
1421 954 1434 995 z

796 1102 799 1107 .
991 1076 1188 1129 quaero
1217 1062 1264 1114 si
1295 1060 1405 1113 hoc
1434 1058 1631 1129 angeli
1659 1076 1806 1130 opus
1838 1066 1993 1114 est...
2029 1063 2104 1113 De
2138 1062 2360 1125 Trinit„
2396 1062 2456 1128 V,
2494 1064 2577 1114 13.
2623 1072 2626 1077 ·

1344 1271 1403 1325 20
1433 1271 1503 1325 In
1528 1271 1747 1340 duplici
1777 1271 2251 1340 interrogatione
2285 1287 2298 1324 :

819 1422 882 1501 a)
916 1421 1084 1482 An...
1116 1439 1275 1482 an...
1310 1439 1425 1500 pro
1458 1430 1748 1479 utrum...
1786 1421 1910 1481 an²
1944 1442 1965 1480 .·

987 1560 1120 1597 cum
1155 1544 1255 1597 diu
1290 1548 1551 1597 erratum
1593 1544 2031 1613 quaesitumque
2078 1543 2147 1597 de
2186 1544 2304 1597 Deo
2347 1544 2442 1610 sit,
2486 1561 2558 1597 an
2600 1559 2777 1613 unuS,
2815 1563 2888 1600 an

949 1632 1217 1703 plures...
1250 1632 1317 1685 In
1351 1633 1551 1685 l'salm.
1587 1636 1674 1697 61,
1711 1636 1762 1685 2.

817 1772 875 1852 b)
907 1772 1207 1833 Utrum...
1241 1775 1353 1832 aut
1382 1790 1496 1851 pro
1528 1779 1815 1828 ulrum...
1856 1788 1939 1827 an
1970 1789 1991 1828 .·

988 1892 1444 1963 interroganti...
1483 1892 1727 1945 loannis
1771 1891 2083 1961 baptisma,
2127 1899 2316 1945 utrum
2362 1893 2432 1946 de
2479 1892 2642 1959 caele,
2674 1901 2776 1948 aut
2817 1910 2886 1947 ex

949 1982 1294 2036 hominibus
1325 1986 1604 2052 putarent
1629 1996 1826 2034 esse...
1855 1982 1922 2033 In
1952 1981 2175 2047 Mami„
2209 1984 2298 2048 2¹,
2334 1985 2419 2035 10.

811 2121 867 2201 6)
901 2121 1204 2182 Utrum...
1240 2120 1341 2182 vel
1371 2138 1485 2199 pro
1518 2130 1808 2178 utrum...
1848 2139 1934 2179 an
1972 2139 1989 2178 .·

983 2274 1182 2327 quaero
1219 2262 1410 2309 ulrum
1441 2254 1689 2309 alterius
1721 2255 1955 2326 generis
1986 2256 2142 2309 Deus
2173 2260 2329 2311 est...
2373 2259 2459 2311 vel
2489 2257 2777 2312 exstantis
2811 2259 2883 2312 de

949 2363 1010 2400 se
1043 2345 1331 2416 exprimat
1357 2344 1630 2398 formoe...
1665 2346 1748 2396 De
1775 2346 2001 2411 Trinic„
2035 2345 2181 2413 VIII,
2216 2349 2302 2399 46.

1300 2552 1357 2606 50
1408 2565 1484 2606 DE
1535 2563 1875 2607 Anvssnssus
1924 2563 2317 2607 NEGANTfflus

806 2720 872 2799 a)
909 2718 1293 2778 Locutiones
1347 2723 1412 2778 et
1454 2716 1637 2792 nihil,
1671 2715 1994 2795 nihilque,
2050 2722 2114 2779 et
2151 2734 2356 2793 nemo,
2409 2724 2473 2780 et
2526 2718 2765 2792 nulluS,
2817 2725 2880 2780 et

729 2836 877 2890 non,
925 2836 960 2876 a
1001 2815 1066 2876 S.
1104 2814 1346 2875 Hilario
1387 2812 1709 2874 interdum
1751 2823 2166 2894 usurpantur,
2213 2823 2433 2874 contra
2477 2834 2877 2876 communem

725 2914 1026 2995 loquendi
1058 2911 1583 2987 consuetudinem
1608 2916 1654 2970 ³.

964 3055 1018 3102 et
1046 3049 1189 3101 nihil
1220 3048 1354 3118 (nec
1383 3045 1733 3116 quidquam)
1758 3046 1983 3113 auxilii,
2013 3046 2161 3100 nihil
2189 3047 2435 3100 remedii
2464 3048 2671 3102 adesse
2699 3049 2877 3126 tantis

941 3136 1111 3191 malis
1142 3136 1404 3190 doleat...
1433 3137 1499 3187 In
1532 3136 1734 3189 Psalm.
1765 3139 1849 3203 13,
1885 3140 1940 3191 3.

976 3227 1226 3295 nihilque
1271 3225 1405 3296 (nec
1454 3224 1801 3294 quidquam)
1855 3231 1942 3279 est
1986 3226 2145 3294 quod
2205 3242 2327 3279 non
2369 3226 2494 3279 haec
2538 3224 2872 3281 divinorum

938 3316 1407 3370 ministeriorum
1440 3314 1778 3384 frequentia
1807 3313 2093 3368 incolat...
2124 3317 2188 3368 In
2213 3317 2414 3369 Psalm.
2451 3319 2571 3380 118,
2604 3320 2652 3384 1,
2687 3321 2737 3369 7.

974 3413 1026 3460 et
1065 3422 1221 3459 nemo
1257 3406 1390 3476 (nee
1431 3403 1769 3473 quisquam)
1811 3403 2116 3473 (animam)
2158 3404 2527 3473 cognoscit...
2570 3406 2637 3458 In
2667 3406 2869 3459 Psalm.

940 3499 1060 3565 141,
1091 3499 1144 3549 3.

954 3591 1007 3639 et
1032 3586 1194 3638 nulla
1218 3585 1439 3655 (neque
1462 3581 1604 3651 ulla)
1627 3581 1701 3635 ad
1727 3580 2197 3634 resistendum...
2225 3582 2502 3637 firmitate
2532 3582 2870 3638 consistit...

933 3675 999 3726 In
1030 3674 1228 3726 Psalm.
1266 3675 1350 3739 51,
1383 3675 1468 3726 13.

970 3768 1022 3815 et
1048 3778 1161 3815 non
1195 3761 1348 3832 (nec)
1379 3765 1572 3830 potest
1602 3762 1756 3814 Deus
1783 3760 1899 3813 nisi
1927 3776 2034 3831 per
2062 3761 2250 3815 Deum
2280 3760 2614 3832 intellegi...
2638 3764 2714 3815 De
2749 3763 2869 3815 Tri-

935 3852 1063 3918 nit„
1103 3852 1160 3919 V,
1187 3854 1274 3904 20.
1352 3885 1356 3889 ‚

782 4042 826 4088 1.
864 4039 938 4088 Cf.
972 4039 1190 4098 Goelzer,
1213 4038 1365 4087 Saint
1395 4036 1624 4094 Je'rome,
1654 4052 1705 4099 p.
1730 4039 1847 4096 4303
1875 4064 1937 4074 —
1964 4038 2248 4100 Riemann,
2275 4039 2297 4100 ἓ
2324 4041 2429 4099 173,
2463 4054 2515 4103 p.
2547 4040 2656 4087 278.

781 4114 825 4158 2.
864 4110 937 4159 Cf.
966 4110 1248 4168 Riemann,
1278 4113 1298 4170 ἕ
1326 4112 1435 4169 174,
1467 4111 1606 4157 Rem.
1636 4109 1698 4166 V,
1725 4112 1852 4157 note
1879 4112 1925 4169 2,
1960 4125 2008 4173 p.
2039 4112 2148 4159 280.

781 4185 826 4231 3.
865 4182 937 4230 Cf.
968 4182 1250 4240 Riemann,
1283 4184 1304 4245 Ξ
1330 4185 1556 4244 268-269,
1587 4198 1635 4247 p.
1670 4183 1901 4230 493-496.
