3371 4999
1273 345 1611 398 ...43-

366 498 772 568 coimaginare
956 511 1091 550 cum
1124 493 1363 565 quando
1393 494 1588 565 imago
1621 492 1819 548 omnis
1844 491 1974 562 eius
2003 489 2077 545 ad
2110 505 2289 560 quem
2319 490 2518 571 coima-
2567 481 2576 491 ”

505 589 733 655 9ἰηεειιν
762 585 1015 656 specieS,
1038 582 1391 639 indifferens
1421 583 1561 639 sit...
1597 584 1672 636 De
1701 582 1891 652 Syod„
1930 586 2013 636 13.

365 675 707 733 combinare
892 676 951 727 et
979 673 1288 727 combinari
1317 671 1550 727 malunt
1579 670 2009 741 peecatoribus.
2050 673 2118 724 In
2148 669 2350 727 Psalm.
2393 670 2516 733 140,

507 769 537 821 8
581 764 690 835 (Cf.
725 763 974 829 Roensch,
1017 779 1073 833 p.
1110 763 1254 832 183).
2551 756 2559 763 ’

366 855 747 910 cnmmaerere
931 852 1329 906 commanentis
1373 855 1432 905 et
1490 849 1857 905 consolantis
1897 864 2019 904 non
2078 846 2354 933 solatium
2410 847 2516 901 sed
2613 862 2614 865 ’

504 943 682 997 fidem
709 941 988 1011 quaerit...
1025 942 1092 993 In
1122 940 1325 994 Psalm.
1360 943 1447 1007 68,
1485 942 1570 993 18.

363 1032 626 1102 compati
807 1030 949 1100 quia
977 1029 1350 1097 compatiendi
1377 1033 1436 1082 et
1467 1015 1905 1082 commoriendi
1933 1025 2519 1096 fidesnosglorificat

502 1121 562 1174 in
594 1119 889 1174 Christe...
923 1120 990 1171 In
1020 1119 1227 1172 Psalm.
1262 1120 1349 1185 56,
1378 1121 1429 1171 8.
1462 1118 1615 1171 Tert.
1641 1118 1813 1188 Cypr.
1859 1117 1964 1186 (Cf.
1992 1117 2256 1181 Roensch,
2288 1132 2343 1185 p.
2366 1114 2511 1183 184).

354 1211 759 1281 compugnare
941 1223 1319 1275 compuqnare
1346 1205 1669 1276 propositis
1702 1205 2135 1276 subsequentia
2162 1204 2514 1258 existiman-

502 1304 665 1352 tur...
697 1299 764 1350 In
791 1297 1016 1360 Manli„
1045 1300 1097 1361 5,
1134 1298 1217 1349 14.
1253 1294 1398 1349 Gell.
1429 1295 1535 1366 (Cf.
1569 1295 1814 1360 Goelzer,
1844 1312 1899 1365 p.
1938 1294 2082 1365 180).

363 1388 697 1456 concepere
879 1401 913 1439 a
943 1384 1204 1454 peccatis
1235 1385 1528 1454 propheta
1553 1390 1856 1452 concaptus
1882 1389 2030 1438 est...
2059 1386 2126 1436 In
2152 1383 2363 1459 Psalm.
2393 1385 2515 1447 125,

507 1481 592 1531 10.

362 1565 692 1621 condecere
873 1565 1134 1634 hymnus
1166 1580 1303 1636 ergo
1336 1562 1433 1617 hie
1476 1564 1594 1617 Deo
1636 1562 1961 1616 condecet...
2005 1564 2071 1615 In
2101 1562 2303 1617 Psalm.
2338 1560 2427 1628 64,
2462 1563 2512 1614 2.

502 1654 692 1708 Plaut.
722 1655 876 1708 Tert.
919 1652 1025 1724 (Cf.
1060 1655 1306 1721 Roensch,
1345 1670 1401 1722 p.
1432 1651 1577 1722 185).
2571 1712 2574 1717 .

364 1743 850 1799 condescendere
1033 1758 1230 1813 neque
1264 1741 1581 1797 nobiseum
1612 1745 1715 1795 aut
1744 1740 2192 1794 condescendunt
2228 1738 2289 1793 in
2330 1736 2516 1793 infer-

502 1848 718 1886 num...
754 1828 820 1884 In
851 1832 1056 1885 Psalm.
1093 1834 1180 1897 61,
1215 1834 1266 1885 8.

363 1919 707 1975 confortare
892 1919 1264 1990 principatus
1292 1935 1500 1973 eorum
1528 1919 1836 1986 confortati
1858 1924 2056 1971 sunt...
2081 1919 2148 1970 In
2171 1917 2371 1970 Psalm.
2396 1919 2513 1984 138,

505 2012 590 2064 38.
626 2010 800 2078 Cypr.
838 2010 992 2062 Lact.
1030 2007 1244 2079 Gargil.
1275 2007 1381 2078 (Cf.
1414 2008 1660 2069 Roensch,
1692 2025 1745 2078 p.
1781 2006 1925 2076 185).

354 2098 868 2166 ,confrequentare
1052 2098 1124 2151 ad
1152 2097 1728 2166 confrequentandam
1754 2096 1909 2149 hanc
1931 2095 2086 2149 beati
2117 2093 2281 2166 regni
2314 2094 2516 2149 civita-

505 2192 691 2240 tem...
726 2188 794 2239 1η
823 2187 1026 2239 psalm.
1059 2189 1182 2253 147,
1218 2190 1268 2240 4.
1303 2176 1573 2240 sut-val.

365 2275 810 2344 congemiscere
994 2274 1282 2329 Paulus..
1312 2275 1371 2328 in
1405 2274 1771 2328 habitatione
1803 2273 2069 2342 corporis
2101 2272 2190 2326 sui
2212 2274 2518 2336 conqemis-

505 2367 645 2417 cit...
681 2367 747 2417 In
777 2364 981 2417 Psalm.
1024 2367 1141 2429 119,
1177 2367 1262 2418 18.
1294 2364 1446 2416 Tert.
1477 2358 1584 2434 (Cf.
1621 2363 1847 2427 Goelzer,
1880 2380 1935 2432 p.
1969 2363 2111 2430 181).

362 2453 723 2523 congignere
906 2456 964 2507 et
1011 2451 1114 2521 illi,
1169 2453 1328 2523 quod
1378 2451 1700 2508 voluntatis
1762 2468 1881 2507 suae
1940 2451 2343 2521 cognitionem
2394 2449 2514 2505 filio

503 2544 886 2611 conqenuem‘t,
915 2547 1002 2596 est
1028 2542 1421 2613 benignum...
1448 2544 1514 2595 In
1541 2544 1749 2596 Psalm.
1778 2545 1867 2606 91,
1902 2545 1952 2596 6.

360 2631 816 2700 conglorificare
1001 2631 1601 2698 cuiconqlorificatiin
1621 2631 1872 2684 Domino
1895 2630 2401 2700 terrenicorporis
2419 2630 2508 2684 sui

411 2721 419 2732 ⁴
505 2720 614 2774 erit
651 2725 877 2774 aeterna
917 2720 1282 2789 possessio...
1321 2723 1385 2773 In
1416 2722 1617 2774 Psalm.
1654 2724 1774 2787 134,
1810 2725 1897 2775 21.
1927 2722 2086 2776 Tert.
2122 2719 2226 2790 (Cf.
2262 2719 2509 2786 Roensch‚

499 2826 556 2879 p.
588 2813 718 2875 186;
753 2840 820 2848 -
853 2810 1076 2875 Gaelzer,
1112 2825 1168 2879 p.
1206 2808 1350 2878 181).

361 2899 647 2954 connasci
830 2898 971 2968 quia
1011 2915 1188 2952 nemo
1222 2898 1483 2969 ambigat
1520 2904 1796 2952 naturam
1830 2897 2087 2952 auctoris
2119 2897 2179 2951 in
2227 2896 2332 2950 filii
2364 2899 2513 2952 nati-

497 2987 673 3040 vitate
705 2989 1027 3041 connasci...
1062 2990 1139 3040 De
1172 2989 1398 3055 Trinit„
1429 2989 1496 3052 V,
1518 2992 1604 3041 11.
1640 2986 1831 3041 Plaut.
1877 2988 2030 3040 Tert.

360 3076 793 3131 connumerare
979 3076 1091 3129 nisi
1136 3076 1450 3129 hominum
1493 3075 1863 3129 multitudini
1897 3082 2394 3129 connumeraretur
2419 3091 2511 3128 co-

494 3164 591 3234 pia
617 3164 1039 3235 angelorum...
1074 3168 1141 3218 In
1168 3166 1370 3219 Psalm.
1410 3169 1533 3229 138,
1560 3168 1646 3219 39.
1681 3165 1845 3219 Ovid.
1879 3168 2021 3219 Arn.

361 3252 827 3322 connuncupare
1009 3253 1188 3326 Filios
1238 3254 1402 3307 enirn
1447 3253 1572 3322 Dei,
1623 3270 1801 3323 opera
1850 3254 2184 3316 secundum
2231 3252 2513 3323 Spiritum

501 3341 607 3395 Dei
640 3347 804 3414 gesta
833 3349 1294 3411 connuncupant.
1336 3344 1404 3395 De
1438 3344 1664 3407 Trinit„
1697 3343 1787 3407 VI,
1819 3345 1903 3396 44.
1941 3357 1944 3360 ·

363 3430 735 3500 conregnare
918 3431 989 3484 Ut
1040 3431 1200 3484 Patri
1247 3440 1549 3498 conreqnet
1598 3432 1657 3485 in
1704 3431 1945 3485 nobiS...
1994 3434 2060 3484 In
2104 3432 2305 3484 Psalm.
2359 3432 2411 3496 9,
2457 3433 2507 3483 4.

500 3520 657 3572 Tert.

358 3607 795 3676 conresurgere
980 3612 1082 3662 aut
1112 3615 1520 3675 conresuryunt
1551 3610 1622 3662 de
1652 3609 1960 3663 infernO...
1994 3611 2061 3662 In
2088 3609 2290 3662 Psalm.
2327 3611 2413 3676 61,
2455 3610 2507 3661 8.

360 3696 733 3765 consepelire
915 3702 973 3750 et
997 3698 1398 3767 consepelimur
1426 3697 1490 3751 in
1522 3698 1885 3768 baptisma..
1920 3699 1986 3752 In
2021 3699 2222 3753 Psalm.
2270 3700 2391 3763 118,
2424 3700 2509 3762 15,

504 3789 587 3839 13.
624 3787 776 3839 Tert.
815 3786 918 3857 (Cf.
947 3787 1172 3852 Goelzer,
1214 3804 1270 3856 p.
1311 3787 1455 3857 181).
1592 3780 1598 3784 ⁴

353 3873 779 3930 convivificare
962 3876 1065 3929 sed
1097 3879 1503 3942 convivificavit
1532 3893 1640 3930 nos
1673 3894 1811 3930 cum
1844 3876 2015 3930 illo...
2048 3880 2125 3930 De
2154 3878 2379 3943 Trinit„
2411 3876 2503 3941 IX,

499 3966 563 4018 10
595 3963 703 4034 (Cf.
737 3965 981 4031 Roensch,
1020 3981 1072 4033 p.
1109 3968 1239 4031 1873
1273 3966 1588 4032 —Goelzer,
1618 3983 1672 4036 p.
1707 3967 1851 4036 181).

357 4050 674 4121 cooperari
854 4053 1146 4123 sapientia
1177 4071 1283 4109 sua
1322 4071 1525 4109 secum
1564 4060 1622 4109 et
1663 4061 2013 4123 cooperante.
2047 4057 2125 4109 De
2158 4057 2383 4124 Trinit„
2418 4056 2508 4124 IV,

495 4144 558 4195 21
589 4140 699 4213 (Cf.
732 4142 980 4209 Roensch,
1010 4160 1063 4213 p.
1098 4146 1228 4210 1873
1264 4175 1331 4183 —
1366 4144 1588 4212 Goeczer,
1620 4161 1674 4214 p.
1708 4145 1853 4216 181).
2387 4135 2389 4138 ’
