<?xml version="1.0" encoding="UTF-8"?>
<!DOCTYPE html PUBLIC "-//W3C//DTD XHTML 1.0 Transitional//EN"
    "http://www.w3.org/TR/xhtml1/DTD/xhtml1-transitional.dtd">
<html xmlns="http://www.w3.org/1999/xhtml" xml:lang="en" lang="en">
 <head>
  <title>
</title>
<meta http-equiv="Content-Type" content="text/html;charset=utf-8" />
  <meta name='ocr-system' content='tesseract 3.04.00' />
  <meta name='ocr-capabilities' content='ocr_page ocr_carea ocr_par ocr_line ocrx_word'/>
</head>
<body>
  <div class='ocr_page' id='page_1' title='image "./quomodolatinali01quilgoog_0145.png"; bbox 0 0 3371 4999; ppageno 0'>
   <div class='ocr_carea' id='block_1_1' title="bbox 1200 426 1687 504">
    <p class='ocr_par' dir='ltr' id='par_1_1' title="bbox 1200 426 1687 504">
     <span class='ocr_line' id='line_1_1' title="bbox 1200 426 1687 504; baseline 0.002 -1"><span class='ocrx_word' id='word_1_1' title='bbox 1200 426 1687 504; x_wconf 67' lang='lat' dir='ltr'><em>x-—121—</em></span> 
     </span>
    </p>
   </div>
   <div class='ocr_carea' id='block_1_2' title="bbox 626 601 2575 2549">
    <p class='ocr_par' dir='ltr' id='par_1_2' title="bbox 567 601 2573 677">
     <span class='ocr_line' id='line_1_2' title="bbox 671 601 2573 677; baseline 0.002 -22.741"><span class='ocrx_word' id='word_1_2' title='bbox 671 601 1000 656; x_wconf 88' lang='lat' dir='ltr'><em>secundum</em></span> <span class='ocrx_word' id='word_1_3' title='bbox 1043 603 1480 671; x_wconf 78' lang='lat' dir='ltr'><em>nuncupationis</em></span> <span class='ocrx_word' id='word_1_4' title='bbox 1521 601 1648 673; x_wconf 84' lang='lat' dir='ltr'><em>(viri</em></span> <span class='ocrx_word' id='word_1_5' title='bbox 1708 602 2129 674; x_wconf 81' lang='lat' dir='ltr'><em>nuncupantis)</em></span> <span class='ocrx_word' id='word_1_6' title='bbox 2191 602 2573 677; x_wconf 81' lang='lat' dir='ltr'><em>voluntatem,</em></span> 
     </span>
    </p>

    <p class='ocr_par' dir='ltr' id='par_1_3' title="bbox 632 691 2066 762">
     <span class='ocr_line' id='line_1_3' title="bbox 632 691 2066 762; baseline 0.001 -18"><span class='ocrx_word' id='word_1_7' title='bbox 632 706 883 762; x_wconf 85' lang='lat' dir='ltr'><em>operum</em></span> <span class='ocrx_word' id='word_1_8' title='bbox 913 691 1213 746; x_wconf 79' lang='lat' dir='ltr'><em>voluntate</em></span> <span class='ocrx_word' id='word_1_9' title='bbox 1247 691 1548 761; x_wconf 89' lang='lat' dir='ltr'><em>potiore...</em></span> <span class='ocrx_word' id='word_1_10' title='bbox 1578 693 1645 746; x_wconf 87' lang='lat' dir='ltr'><em>In</em></span> <span class='ocrx_word' id='word_1_11' title='bbox 1668 694 1872 746; x_wconf 78' lang='lat' dir='ltr'><em>Psalm.</em></span> <span class='ocrx_word' id='word_1_12' title='bbox 1907 697 1954 761; x_wconf 89' lang='lat'><em>1,</em></span> <span class='ocrx_word' id='word_1_13' title='bbox 1979 695 2066 746; x_wconf 83' lang='grc'><em>22.</em></span> 
     </span>
    </p>

    <p class='ocr_par' dir='ltr' id='par_1_4' title="bbox 565 780 2573 937">
     <span class='ocr_line' id='line_1_4' title="bbox 683 780 2573 853; baseline 0.002 -18.706"><span class='ocrx_word' id='word_1_14' title='bbox 683 781 840 835; x_wconf 87' lang='lat' dir='ltr'><em>inter</em></span> <span class='ocrx_word' id='word_1_15' title='bbox 866 781 1091 853; x_wconf 83' lang='lat' dir='ltr'><em>vagitus</em></span> <span class='ocrx_word' id='word_1_16' title='bbox 1116 783 1377 848; x_wconf 69' lang='lat' dir='ltr'><em>infantiae</em></span> <span class='ocrx_word' id='word_1_17' title='bbox 1409 780 1777 852; x_wconf 80' lang='lat' dir='ltr'><em>(infantium)</em></span> <span class='ocrx_word' id='word_1_18' title='bbox 1806 781 1960 836; x_wconf 87' lang='lat' dir='ltr'><em>inter</em></span> <span class='ocrx_word' id='word_1_19' title='bbox 1986 797 2276 835; x_wconf 81' lang='lat' dir='ltr'><em>cunarum</em></span> <span class='ocrx_word' id='word_1_20' title='bbox 2298 783 2573 839; x_wconf 67' lang='lat' dir='ltr'><em>sordes..</em></span> 
     </span>
     <span class='ocr_line' id='line_1_5' title="bbox 632 871 1126 937; baseline 0.002 -13"><span class='ocrx_word' id='word_1_21' title='bbox 632 871 700 924; x_wconf 89' lang='lat' dir='ltr'><em>In</em></span> <span class='ocrx_word' id='word_1_22' title='bbox 730 872 932 925; x_wconf 84' lang='lat' dir='ltr'><em>Psalm.</em></span> <span class='ocrx_word' id='word_1_23' title='bbox 960 873 1046 937; x_wconf 89' lang='lat'><em>13,</em></span> <span class='ocrx_word' id='word_1_24' title='bbox 1077 873 1126 925; x_wconf 95' lang='grc'><em>5.</em></span> 
     </span>
    </p>

    <p class='ocr_par' dir='ltr' id='par_1_5' title="bbox 565 948 2575 1033">
     <span class='ocr_line' id='line_1_6' title="bbox 669 948 2575 1033; baseline -0 -19.052"><span class='ocrx_word' id='word_1_25' title='bbox 669 959 886 1014; x_wconf 87' lang='lat' dir='ltr'><em>stultus</em></span> <span class='ocrx_word' id='word_1_26' title='bbox 932 976 1084 1025; x_wconf 89' lang='lat' dir='ltr'><em>esse,</em></span> <span class='ocrx_word' id='word_1_27' title='bbox 1131 960 1306 1014; x_wconf 90' lang='lat' dir='ltr'><em>sicuti</em></span> <span class='ocrx_word' id='word_1_28' title='bbox 1356 965 1464 1028; x_wconf 86' lang='lat' dir='ltr'><em>est,</em></span> <span class='ocrx_word' id='word_1_29' title='bbox 1515 958 1738 1029; x_wconf 86' lang='lat' dir='ltr'>publici</span> <span class='ocrx_word' id='word_1_30' title='bbox 1786 975 2035 1031; x_wconf 72' lang='lat' dir='ltr'><em>assensus</em></span> <span class='ocrx_word' id='word_1_31' title='bbox 2076 948 2575 1033; x_wconf 71' lang='lat' dir='ltr'><em>(assentientium)</em></span> 
     </span>
    </p>

    <p class='ocr_par' dir='ltr' id='par_1_6' title="bbox 626 1049 1833 1120">
     <span class='ocr_line' id='line_1_7' title="bbox 626 1049 1833 1120; baseline -0.002 -15"><span class='ocrx_word' id='word_1_32' title='bbox 626 1049 854 1119; x_wconf 90' lang='lat' dir='ltr'><em>judicio</em></span> <span class='ocrx_word' id='word_1_33' title='bbox 886 1055 1300 1120; x_wconf 76' lang='lat' dir='ltr'><em>argueretur...</em></span> <span class='ocrx_word' id='word_1_34' title='bbox 1329 1051 1396 1104; x_wconf 87' lang='lat' dir='ltr'><em>In</em></span> <span class='ocrx_word' id='word_1_35' title='bbox 1424 1050 1625 1104; x_wconf 83' lang='lat' dir='ltr'><em>Psalm.</em></span> <span class='ocrx_word' id='word_1_36' title='bbox 1657 1052 1745 1117; x_wconf 89' lang='grc'><em>52,</em></span> <span class='ocrx_word' id='word_1_37' title='bbox 1775 1051 1833 1102; x_wconf 87' lang='grc'><em>2.</em></span> 
     </span>
    </p>

    <p class='ocr_par' dir='ltr' id='par_1_7' title="bbox 565 1137 2568 1208">
     <span class='ocr_line' id='line_1_8' title="bbox 667 1137 2568 1208; baseline 0 -15"><span class='ocrx_word' id='word_1_38' title='bbox 667 1139 769 1208; x_wconf 88' lang='lat' dir='ltr'><em>qui</em></span> <span class='ocrx_word' id='word_1_39' title='bbox 812 1139 970 1193; x_wconf 90' lang='lat' dir='ltr'><em>enim</em></span> <span class='ocrx_word' id='word_1_40' title='bbox 1012 1143 1183 1193; x_wconf 79' lang='lat' dir='ltr'><em>erant</em></span> <span class='ocrx_word' id='word_1_41' title='bbox 1218 1139 1559 1193; x_wconf 72' lang='lat' dir='ltr'><em>daemonum</em></span> <span class='ocrx_word' id='word_1_42' title='bbox 1587 1139 1826 1192; x_wconf 83' lang='lat' dir='ltr'><em>servitus</em></span> <span class='ocrx_word' id='word_1_43' title='bbox 1853 1137 2075 1208; x_wconf 86' lang='lat' dir='ltr'><em>(servi),</em></span> <span class='ocrx_word' id='word_1_44' title='bbox 2123 1137 2264 1192; x_wconf 81' lang='lat' dir='ltr'><em>facti</em></span> <span class='ocrx_word' id='word_1_45' title='bbox 2300 1145 2443 1194; x_wconf 89' lang='lat' dir='ltr'><em>sunt</em></span> <span class='ocrx_word' id='word_1_46' title='bbox 2466 1140 2568 1195; x_wconf 90' lang='lat' dir='ltr'><em>Dei</em></span> 
     </span>
    </p>

    <p class='ocr_par' dir='ltr' id='par_1_8' title="bbox 631 1227 1516 1298">
     <span class='ocr_line' id='line_1_9' title="bbox 631 1227 1516 1298; baseline -0.003 -16"><span class='ocrx_word' id='word_1_47' title='bbox 631 1227 954 1298; x_wconf 89' lang='lat' dir='ltr'><em>populus..,</em></span> <span class='ocrx_word' id='word_1_48' title='bbox 984 1230 1050 1281; x_wconf 89' lang='lat' dir='ltr'><em>In</em></span> <span class='ocrx_word' id='word_1_49' title='bbox 1081 1229 1282 1282; x_wconf 82' lang='lat' dir='ltr'><em>Psalm.</em></span> <span class='ocrx_word' id='word_1_50' title='bbox 1309 1232 1395 1295; x_wconf 86' lang='grc'><em>52,</em></span> <span class='ocrx_word' id='word_1_51' title='bbox 1431 1232 1516 1282; x_wconf 91' lang='grc'><em>20.</em></span> 
     </span>
    </p>

    <p class='ocr_par' dir='ltr' id='par_1_9' title="bbox 562 1316 2568 1390">
     <span class='ocr_line' id='line_1_10' title="bbox 659 1316 2568 1390; baseline 0.001 -19.903"><span class='ocrx_word' id='word_1_52' title='bbox 659 1333 911 1388; x_wconf 81' lang='lat' dir='ltr'><em>magnus</em></span> <span class='ocrx_word' id='word_1_53' title='bbox 957 1322 1045 1372; x_wconf 91' lang='lat' dir='ltr'><em>est</em></span> <span class='ocrx_word' id='word_1_54' title='bbox 1068 1317 1358 1371; x_wconf 86' lang='lat' dir='ltr'><em>Dominus</em></span> <span class='ocrx_word' id='word_1_55' title='bbox 1376 1333 1513 1371; x_wconf 90' lang='lat' dir='ltr'><em>cum</em></span> <span class='ocrx_word' id='word_1_56' title='bbox 1537 1317 1903 1384; x_wconf 79' lang='lat' dir='ltr'><em>dispersiones</em></span> <span class='ocrx_word' id='word_1_57' title='bbox 1926 1316 2225 1387; x_wconf 89' lang='lat' dir='ltr'><em>(homines</em></span> <span class='ocrx_word' id='word_1_58' title='bbox 2248 1317 2568 1390; x_wconf 87' lang='lat' dir='ltr'><em>dispersos)</em></span> 
     </span>
    </p>

    <p class='ocr_par' dir='ltr' id='par_1_10' title="bbox 632 1392 2018 1477">
     <span class='ocr_line' id='line_1_11' title="bbox 632 1392 2018 1477; baseline 0 -17"><span class='ocrx_word' id='word_1_59' title='bbox 632 1411 1018 1477; x_wconf 79' lang='lat' dir='ltr'><em>congregat...</em></span> <span class='ocrx_word' id='word_1_60' title='bbox 1048 1407 1116 1459; x_wconf 90' lang='lat' dir='ltr'><em>In</em></span> <span class='ocrx_word' id='word_1_61' title='bbox 1144 1407 1348 1459; x_wconf 80' lang='lat' dir='ltr'><em>Psatm.</em></span> <span class='ocrx_word' id='word_1_62' title='bbox 1383 1408 1505 1474; x_wconf 84' lang='lat'><em>146,</em></span> <span class='ocrx_word' id='word_1_63' title='bbox 1538 1409 1590 1460; x_wconf 89' lang='grc'><em>6.</em></span> <span class='ocrx_word' id='word_1_64' title='bbox 2017 1392 2018 1399; x_wconf 33' lang='lat'>¹</span> 
     </span>
    </p>

    <p class='ocr_par' dir='ltr' id='par_1_11' title="bbox 565 1495 2572 1564">
     <span class='ocr_line' id='line_1_12' title="bbox 667 1495 2572 1564; baseline 0.001 -14.898"><span class='ocrx_word' id='word_1_65' title='bbox 667 1496 811 1564; x_wconf 82' lang='lat' dir='ltr'><em>quia</em></span> <span class='ocrx_word' id='word_1_66' title='bbox 850 1496 1238 1558; x_wconf 80' lang='lat' dir='ltr'><em>descendenti</em></span> <span class='ocrx_word' id='word_1_67' title='bbox 1280 1496 1332 1550; x_wconf 93' lang='lat' dir='ltr'><em>ei</em></span> <span class='ocrx_word' id='word_1_68' title='bbox 1361 1495 1436 1549; x_wconf 82' lang='lat' dir='ltr'><em>ad</em></span> <span class='ocrx_word' id='word_1_69' title='bbox 1467 1495 1896 1550; x_wconf 78' lang='lat' dir='ltr'><em>assumendum</em></span> <span class='ocrx_word' id='word_1_70' title='bbox 1923 1495 2231 1553; x_wconf 85' lang='lat' dir='ltr'><em>hominem</em></span> <span class='ocrx_word' id='word_1_71' title='bbox 2260 1497 2572 1564; x_wconf 80' lang='lat' dir='ltr'><em>famulatus</em></span> 
     </span>
    </p>

    <p class='ocr_par' dir='ltr' id='par_1_12' title="bbox 632 1584 2169 1655">
     <span class='ocr_line' id='line_1_13' title="bbox 632 1584 2169 1655; baseline 0 -17"><span class='ocrx_word' id='word_1_72' title='bbox 632 1584 883 1638; x_wconf 71' lang='lat' dir='ltr'><em>caelestis</em></span> <span class='ocrx_word' id='word_1_73' title='bbox 913 1584 1164 1655; x_wconf 79' lang='lat' dir='ltr'><em>(famuli)</em></span> <span class='ocrx_word' id='word_1_74' title='bbox 1197 1585 1562 1640; x_wconf 78' lang='lat' dir='ltr'><em>adstiterit...</em></span> <span class='ocrx_word' id='word_1_75' title='bbox 1594 1586 1659 1639; x_wconf 89' lang='lat' dir='ltr'><em>In</em></span> <span class='ocrx_word' id='word_1_76' title='bbox 1691 1587 1897 1639; x_wconf 83' lang='lat' dir='ltr'><em>Psalm.</em></span> <span class='ocrx_word' id='word_1_77' title='bbox 1931 1589 2052 1652; x_wconf 82' lang='lat'><em>143,</em></span> <span class='ocrx_word' id='word_1_78' title='bbox 2085 1590 2169 1640; x_wconf 93' lang='grc'><em>10.</em></span> 
     </span>
    </p>

    <p class='ocr_par' dir='ltr' id='par_1_13' title="bbox 561 1674 2569 1746">
     <span class='ocr_line' id='line_1_14' title="bbox 664 1674 2569 1746; baseline 0.002 -17.795"><span class='ocrx_word' id='word_1_79' title='bbox 664 1689 951 1728; x_wconf 80' lang='lat' dir='ltr'><em>arcanum</em></span> <span class='ocrx_word' id='word_1_80' title='bbox 1003 1674 1215 1729; x_wconf 69' lang='lat' dir='ltr'><em>futurae</em></span> <span class='ocrx_word' id='word_1_81' title='bbox 1261 1674 1612 1741; x_wconf 77' lang='lat' dir='ltr'><em>infidelitatis</em></span> <span class='ocrx_word' id='word_1_82' title='bbox 1652 1674 1990 1729; x_wconf 85' lang='lat' dir='ltr'><em>ostenditur</em></span> <span class='ocrx_word' id='word_1_83' title='bbox 2040 1675 2321 1746; x_wconf 88' lang='lat' dir='ltr'><em>(virorum</em></span> <span class='ocrx_word' id='word_1_84' title='bbox 2353 1676 2569 1732; x_wconf 85' lang='lat' dir='ltr'><em>infide-</em></span> 
     </span>
    </p>

    <p class='ocr_par' dir='ltr' id='par_1_14' title="bbox 627 1761 1352 1830">
     <span class='ocr_line' id='line_1_15' title="bbox 627 1761 1352 1830; baseline 0 -14"><span class='ocrx_word' id='word_1_85' title='bbox 627 1761 820 1830; x_wconf 90' lang='lat' dir='ltr'><em>lium).</em></span> <span class='ocrx_word' id='word_1_86' title='bbox 854 1764 920 1817; x_wconf 88' lang='lat' dir='ltr'><em>In</em></span> <span class='ocrx_word' id='word_1_87' title='bbox 950 1763 1152 1818; x_wconf 83' lang='lat' dir='ltr'><em>Matth.</em></span> <span class='ocrx_word' id='word_1_88' title='bbox 1183 1766 1270 1830; x_wconf 86' lang='lat'><em>33,</em></span> <span class='ocrx_word' id='word_1_89' title='bbox 1300 1766 1352 1816; x_wconf 91' lang='grc'><em>2.</em></span> 
     </span>
    </p>

    <p class='ocr_par' dir='ltr' id='par_1_15' title="bbox 563 1851 2570 1923">
     <span class='ocr_line' id='line_1_16' title="bbox 663 1851 2570 1923; baseline 0.002 -18.801"><span class='ocrx_word' id='word_1_90' title='bbox 663 1851 727 1905; x_wconf 90' lang='lat' dir='ltr'><em>in</em></span> <span class='ocrx_word' id='word_1_91' title='bbox 754 1856 963 1921; x_wconf 90' lang='lat' dir='ltr'><em>pectus</em></span> <span class='ocrx_word' id='word_1_92' title='bbox 987 1852 1212 1906; x_wconf 78' lang='lat' dir='ltr'><em>duritiae</em></span> <span class='ocrx_word' id='word_1_93' title='bbox 1238 1851 1474 1923; x_wconf 84' lang='lat' dir='ltr'><em>gentilis</em></span> <span class='ocrx_word' id='word_1_94' title='bbox 1507 1851 1786 1922; x_wconf 88' lang='lat' dir='ltr'><em>(virorum</em></span> <span class='ocrx_word' id='word_1_95' title='bbox 1814 1853 2123 1923; x_wconf 87' lang='lat' dir='ltr'><em>durorum)</em></span> <span class='ocrx_word' id='word_1_96' title='bbox 2148 1853 2407 1923; x_wconf 82' lang='lat' dir='ltr'><em>quodam</em></span> <span class='ocrx_word' id='word_1_97' title='bbox 2435 1854 2570 1908; x_wconf 87' lang='lat' dir='ltr'><em>doc-</em></span> 
     </span>
    </p>

    <p class='ocr_par' dir='ltr' id='par_1_16' title="bbox 629 1940 2494 2011">
     <span class='ocr_line' id='line_1_17' title="bbox 629 1940 2494 2011; baseline 0.002 -19"><span class='ocrx_word' id='word_1_98' title='bbox 629 1941 800 1993; x_wconf 79' lang='lat' dir='ltr'><em>trinoe</em></span> <span class='ocrx_word' id='word_1_99' title='bbox 833 1956 1009 2010; x_wconf 86' lang='lat' dir='ltr'><em>opere</em></span> <span class='ocrx_word' id='word_1_100' title='bbox 1039 1940 1304 1995; x_wconf 83' lang='lat' dir='ltr'><em>excisum</em></span> <span class='ocrx_word' id='word_1_101' title='bbox 1337 1941 1604 1995; x_wconf 86' lang='lat' dir='ltr'><em>Christus</em></span> <span class='ocrx_word' id='word_1_102' title='bbox 1630 1941 1952 1996; x_wconf 83' lang='lat' dir='ltr'><em>infertur...</em></span> <span class='ocrx_word' id='word_1_103' title='bbox 1986 1943 2053 1995; x_wconf 89' lang='lat' dir='ltr'><em>In</em></span> <span class='ocrx_word' id='word_1_104' title='bbox 2075 1943 2302 2011; x_wconf 59' lang='lat' dir='ltr'><em>Mami„</em></span> <span class='ocrx_word' id='word_1_105' title='bbox 2325 1947 2411 2010; x_wconf 85' lang='lat'><em>33,</em></span> <span class='ocrx_word' id='word_1_106' title='bbox 2442 1945 2494 1997; x_wconf 89' lang='lat'><em>8.</em></span> 
     </span>
    </p>

    <p class='ocr_par' dir='ltr' id='par_1_17' title="bbox 562 2029 2568 2101">
     <span class='ocr_line' id='line_1_18' title="bbox 663 2029 2568 2101; baseline 0.001 -18.849"><span class='ocrx_word' id='word_1_107' title='bbox 663 2031 1047 2084; x_wconf 82' lang='lat' dir='ltr'><em>universitatis</em></span> <span class='ocrx_word' id='word_1_108' title='bbox 1072 2029 1298 2101; x_wconf 89' lang='lat' dir='ltr'><em>(rerum</em></span> <span class='ocrx_word' id='word_1_109' title='bbox 1331 2030 1772 2101; x_wconf 80' lang='lat' dir='ltr'><em>universarum)</em></span> <span class='ocrx_word' id='word_1_110' title='bbox 1805 2032 2123 2084; x_wconf 88' lang='lat' dir='ltr'><em>Dominum</em></span> <span class='ocrx_word' id='word_1_111' title='bbox 2154 2037 2331 2101; x_wconf 83' lang='lat' dir='ltr'><em>atque</em></span> <span class='ocrx_word' id='word_1_112' title='bbox 2365 2031 2568 2085; x_wconf 86' lang='lat' dir='ltr'><em>infini—</em></span> 
     </span>
    </p>

    <p class='ocr_par' dir='ltr' id='par_1_18' title="bbox 628 2119 2570 2191">
     <span class='ocr_line' id='line_1_19' title="bbox 628 2119 2570 2191; baseline 0.001 -18"><span class='ocrx_word' id='word_1_113' title='bbox 628 2119 766 2173; x_wconf 77' lang='lat' dir='ltr'><em>tatis</em></span> <span class='ocrx_word' id='word_1_114' title='bbox 802 2124 1114 2188; x_wconf 81' lang='lat' dir='ltr'><em>parentem</em></span> <span class='ocrx_word' id='word_1_115' title='bbox 1154 2121 1311 2174; x_wconf 79' lang='lat' dir='ltr'><em>intra</em></span> <span class='ocrx_word' id='word_1_116' title='bbox 1349 2121 1654 2190; x_wconf 79' lang='lat' dir='ltr'><em>angustius</em></span> <span class='ocrx_word' id='word_1_117' title='bbox 1689 2120 2063 2175; x_wconf 80' lang='lat' dir='ltr'><em>metallorum</em></span> <span class='ocrx_word' id='word_1_118' title='bbox 2114 2125 2170 2174; x_wconf 87' lang='lat' dir='ltr'><em>et</em></span> <span class='ocrx_word' id='word_1_119' title='bbox 2201 2120 2480 2191; x_wconf 81' lang='lat' dir='ltr'><em>‘lapidum</em></span> <span class='ocrx_word' id='word_1_120' title='bbox 2514 2127 2570 2176; x_wconf 90' lang='lat' dir='ltr'><em>et</em></span> 
     </span>
    </p>

    <p class='ocr_par' dir='ltr' id='par_1_19' title="bbox 627 2208 1870 2277">
     <span class='ocr_line' id='line_1_20' title="bbox 627 2208 1870 2277; baseline 0 -16"><span class='ocrx_word' id='word_1_121' title='bbox 627 2208 896 2277; x_wconf 86' lang='lat' dir='ltr'><em>stipitum</em></span> <span class='ocrx_word' id='word_1_122' title='bbox 929 2209 1340 2263; x_wconf 76' lang='lat' dir='ltr'><em>coartabant...</em></span> <span class='ocrx_word' id='word_1_123' title='bbox 1374 2212 1450 2262; x_wconf 89' lang='lat' dir='ltr'><em>De</em></span> <span class='ocrx_word' id='word_1_124' title='bbox 1484 2211 1706 2275; x_wconf 63' lang='lat' dir='ltr'><em>Trinit„</em></span> <span class='ocrx_word' id='word_1_125' title='bbox 1743 2211 1786 2276; x_wconf 94' lang='lat' dir='ltr'><em>I,</em></span> <span class='ocrx_word' id='word_1_126' title='bbox 1819 2211 1870 2263; x_wconf 94' lang='lat'><em>4.</em></span> 
     </span>
    </p>

    <p class='ocr_par' dir='ltr' id='par_1_20' title="bbox 558 2297 2566 2441">
     <span class='ocr_line' id='line_1_21' title="bbox 661 2297 2566 2370; baseline 0.002 -19.792"><span class='ocrx_word' id='word_1_127' title='bbox 661 2303 724 2351; x_wconf 91' lang='lat' dir='ltr'><em>ut</em></span> <span class='ocrx_word' id='word_1_128' title='bbox 753 2314 860 2368; x_wconf 89' lang='lat' dir='ltr'><em>per</em></span> <span class='ocrx_word' id='word_1_129' title='bbox 888 2297 947 2350; x_wconf 93' lang='lat' dir='ltr'><em>id</em></span> <span class='ocrx_word' id='word_1_130' title='bbox 979 2314 1102 2352; x_wconf 90' lang='lat' dir='ltr'><em>non</em></span> <span class='ocrx_word' id='word_1_131' title='bbox 1133 2298 1580 2368; x_wconf 78' lang='lat' dir='ltr'><em>relinque-retur</em></span> <span class='ocrx_word' id='word_1_132' title='bbox 1608 2300 1911 2368; x_wconf 85' lang='lat' dir='ltr'><em>impietatis</em></span> <span class='ocrx_word' id='word_1_133' title='bbox 1937 2298 2306 2370; x_wconf 75' lang='grc' dir='ltr'>(ἰῐῃρίοιιιῐῐι)</span> <span class='ocrx_word' id='word_1_134' title='bbox 2346 2299 2566 2354; x_wconf 83' lang='lat' dir='ltr'><em>calum-</em></span> 
     </span>
     <span class='ocr_line' id='line_1_22' title="bbox 627 2387 2110 2455; baseline 0.001 -15"><span class='ocrx_word' id='word_1_135' title='bbox 627 2387 770 2441; x_wconf 82' lang='lat' dir='ltr'><em>nia..</em></span> <span class='ocrx_word' id='word_1_136' title='bbox 783 2390 913 2440; x_wconf 90' lang='lat' dir='ltr'><em>.De</em></span> <span class='ocrx_word' id='word_1_137' title='bbox 947 2390 1177 2455; x_wconf 64' lang='lat' dir='ltr'><em>Trinit„</em></span> <span class='ocrx_word' id='word_1_138' title='bbox 1214 2389 1253 2454; x_wconf 89' lang='lat'><em>1,</em></span> <span class='ocrx_word' id='word_1_139' title='bbox 1288 2392 1376 2442; x_wconf 85' lang='grc'><em>27.</em></span> <span class='ocrx_word' id='word_1_140' title='bbox 2089 2402 2110 2413; x_wconf 84' lang='lat'><strong>·</strong></span> 
     </span>
    </p>

    <p class='ocr_par' dir='ltr' id='par_1_21' title="bbox 556 2477 2565 2549">
     <span class='ocr_line' id='line_1_23' title="bbox 649 2477 2565 2549; baseline 0.002 -18.815"><span class='ocrx_word' id='word_1_141' title='bbox 649 2477 929 2531; x_wconf 82' lang='lat' dir='ltr'><em>adversus</em></span> <span class='ocrx_word' id='word_1_142' title='bbox 985 2482 1278 2532; x_wconf 80' lang='lat' dir='ltr'><em>venenata</em></span> <span class='ocrx_word' id='word_1_143' title='bbox 1344 2477 1694 2546; x_wconf 79' lang='lat' dir='ltr'><em>infidelitatis</em></span> <span class='ocrx_word' id='word_1_144' title='bbox 1753 2477 2132 2549; x_wconf 77' lang='lat' dir='ltr'><em>(infidelium)</em></span> <span class='ocrx_word' id='word_1_145' title='bbox 2193 2477 2428 2535; x_wconf 78' lang='lat' dir='ltr'><em>sibila...</em></span> <span class='ocrx_word' id='word_1_146' title='bbox 2490 2483 2565 2534; x_wconf 90' lang='lat' dir='ltr'><em>De</em></span> 
     </span>
    </p>
   </div>
   <div class='ocr_carea' id='block_1_3' title="bbox 530 2551 1065 2642">
    <p class='ocr_par' dir='ltr' id='par_1_22' title="bbox 530 2551 1065 2642">
     <span class='ocr_line' id='line_1_24' title="bbox 530 2551 1065 2642; baseline 0.006 -24"><span class='ocrx_word' id='word_1_147' title='bbox 530 2551 533 2552; x_wconf 29' lang='lat'><em>⁷</em></span> <span class='ocrx_word' id='word_1_148' title='bbox 625 2568 846 2636; x_wconf 64' lang='lat' dir='ltr'><em>Trinit„</em></span> <span class='ocrx_word' id='word_1_149' title='bbox 858 2569 946 2642; x_wconf 90' lang='lat' dir='ltr'><em>V,</em></span> <span class='ocrx_word' id='word_1_150' title='bbox 981 2571 1065 2621; x_wconf 85' lang='grc'><em>19.</em></span> 
     </span>
    </p>
   </div>
   <div class='ocr_carea' id='block_1_4' title="bbox 613 2654 2564 4327">
    <p class='ocr_par' dir='ltr' id='par_1_23' title="bbox 556 2654 2551 2799">
     <span class='ocr_line' id='line_1_25' title="bbox 660 2654 2551 2727; baseline 0.002 -18.844"><span class='ocrx_word' id='word_1_151' title='bbox 660 2654 786 2710; x_wconf 84' lang='lat' dir='ltr'><em>haec</em></span> <span class='ocrx_word' id='word_1_152' title='bbox 832 2658 1136 2725; x_wconf 81' lang='lat' dir='ltr'><em>impietatis</em></span> <span class='ocrx_word' id='word_1_153' title='bbox 1185 2656 1553 2727; x_wconf 87' lang='lat' dir='ltr'><em>(impiorum)</em></span> <span class='ocrx_word' id='word_1_154' title='bbox 1596 2656 1848 2710; x_wconf 81' lang='lat' dir='ltr'><em>stultitia</em></span> <span class='ocrx_word' id='word_1_155' title='bbox 1891 2656 2004 2710; x_wconf 90' lang='lat' dir='ltr'><em>fuit</em></span> <span class='ocrx_word' id='word_1_156' title='bbox 2046 2662 2151 2710; x_wconf 90' lang='lat' dir='ltr'><strong>ut..</strong></span> <span class='ocrx_word' id='word_1_157' title='bbox 2163 2660 2294 2710; x_wconf 88' lang='lat' dir='ltr'><em>.De</em></span> <span class='ocrx_word' id='word_1_158' title='bbox 2328 2660 2551 2726; x_wconf 61' lang='lat' dir='ltr'><em>Trinit„</em></span> 
     </span>
     <span class='ocr_line' id='line_1_26' title="bbox 627 2744 812 2811; baseline 0.031 -17"><span class='ocrx_word' id='word_1_159' title='bbox 627 2744 685 2811; x_wconf 93' lang='lat' dir='ltr'><em>V,</em></span> <span class='ocrx_word' id='word_1_160' title='bbox 718 2748 812 2799; x_wconf 88' lang='grc'><em>26.</em></span> 
     </span>
    </p>

    <p class='ocr_par' dir='ltr' id='par_1_24' title="bbox 553 2834 2564 3170">
     <span class='ocr_line' id='line_1_27' title="bbox 656 2834 2564 2906; baseline 0.001 -19.898"><span class='ocrx_word' id='word_1_161' title='bbox 656 2848 845 2887; x_wconf 90' lang='lat' dir='ltr'><em>unum</em></span> <span class='ocrx_word' id='word_1_162' title='bbox 878 2834 1063 2888; x_wconf 90' lang='lat' dir='ltr'><em>Deum</em></span> <span class='ocrx_word' id='word_1_163' title='bbox 1099 2851 1300 2888; x_wconf 81' lang='lat' dir='ltr'><em>verum</em></span> <span class='ocrx_word' id='word_1_164' title='bbox 1319 2851 1439 2888; x_wconf 91' lang='lat' dir='ltr'><em>non</em></span> <span class='ocrx_word' id='word_1_165' title='bbox 1462 2834 1854 2904; x_wconf 79' lang='lat' dir='ltr'><em>apprehendit</em></span> <span class='ocrx_word' id='word_1_166' title='bbox 1882 2835 2091 2906; x_wconf 81' lang='lat' dir='ltr'><em>ignara</em></span> <span class='ocrx_word' id='word_1_167' title='bbox 2113 2834 2473 2906; x_wconf 68' lang='lat' dir='ltr'><em>euangelica}</em></span> <span class='ocrx_word' id='word_1_168' title='bbox 2505 2840 2564 2888; x_wconf 90' lang='lat' dir='ltr'><em>et</em></span> 
     </span>
     <span class='ocr_line' id='line_1_28' title="bbox 621 2923 2558 2994; baseline 0.002 -20"><span class='ocrx_word' id='word_1_169' title='bbox 621 2923 958 2992; x_wconf 73' lang='lat' dir='ltr'><em>apostolicae</em></span> <span class='ocrx_word' id='word_1_170' title='bbox 984 2923 1421 2993; x_wconf 57' lang='lat' dir='ltr'><em>praedicationis</em></span> <span class='ocrx_word' id='word_1_171' title='bbox 1442 2925 1695 2992; x_wconf 77' lang='lat' dir='ltr'><em>impietas</em></span> <span class='ocrx_word' id='word_1_172' title='bbox 1722 2924 2004 2994; x_wconf 81' lang='lat' dir='ltr'><em>(inipii)...</em></span> <span class='ocrx_word' id='word_1_173' title='bbox 2033 2927 2110 2977; x_wconf 88' lang='lat' dir='ltr'><em>De</em></span> <span class='ocrx_word' id='word_1_174' title='bbox 2140 2926 2360 2991; x_wconf 79' lang='lat' dir='ltr'><em>Trinit.,</em></span> <span class='ocrx_word' id='word_1_175' title='bbox 2381 2926 2444 2991; x_wconf 90' lang='lat' dir='ltr'><em>V,</em></span> <span class='ocrx_word' id='word_1_176' title='bbox 2471 2927 2558 2977; x_wconf 81' lang='lat'><em>35.</em></span> 
     </span>
     <span class='ocr_line' id='line_1_29' title="bbox 648 3011 2562 3084; baseline 0.003 -22.716"><span class='ocrx_word' id='word_1_177' title='bbox 648 3016 706 3063; x_wconf 89' lang='lat' dir='ltr'><em>et</em></span> <span class='ocrx_word' id='word_1_178' title='bbox 744 3011 1169 3066; x_wconf 80' lang='lat' dir='ltr'><em>demonstratio</em></span> <span class='ocrx_word' id='word_1_179' title='bbox 1204 3029 1471 3082; x_wconf 88' lang='lat' dir='ltr'><em>operum,</em></span> <span class='ocrx_word' id='word_1_180' title='bbox 1516 3029 1638 3066; x_wconf 88' lang='lat' dir='ltr'><em>non</em></span> <span class='ocrx_word' id='word_1_181' title='bbox 1677 3014 2049 3080; x_wconf 71' lang='lat' dir='ltr'><em>iynorationis</em></span> <span class='ocrx_word' id='word_1_182' title='bbox 2081 3013 2364 3084; x_wconf 83' lang='lat' dir='ltr'><em>(virorum</em></span> <span class='ocrx_word' id='word_1_183' title='bbox 2400 3013 2562 3084; x_wconf 80' lang='lat' dir='ltr'><em>igna-</em></span> 
     </span>
     <span class='ocr_line' id='line_1_30' title="bbox 620 3100 1986 3170; baseline 0.002 -18"><span class='ocrx_word' id='word_1_184' title='bbox 620 3100 845 3170; x_wconf 88' lang='lat' dir='ltr'><em>rorum)</em></span> <span class='ocrx_word' id='word_1_185' title='bbox 877 3101 1193 3155; x_wconf 82' lang='lat' dir='ltr'><em>instructio</em></span> <span class='ocrx_word' id='word_1_186' title='bbox 1226 3108 1379 3156; x_wconf 89' lang='lat' dir='ltr'><em>est...</em></span> <span class='ocrx_word' id='word_1_187' title='bbox 1409 3105 1485 3155; x_wconf 90' lang='lat' dir='ltr'><em>De</em></span> <span class='ocrx_word' id='word_1_188' title='bbox 1513 3104 1736 3168; x_wconf 62' lang='lat' dir='ltr'><em>Trinit„</em></span> <span class='ocrx_word' id='word_1_189' title='bbox 1769 3103 1879 3166; x_wconf 88' lang='lat' dir='ltr'>VII,</span> <span class='ocrx_word' id='word_1_190' title='bbox 1902 3106 1986 3155; x_wconf 90' lang='grc'><em>19.</em></span> 
     </span>
    </p>

    <p class='ocr_par' dir='ltr' id='par_1_25' title="bbox 552 3186 2559 3349">
     <span class='ocr_line' id='line_1_31' title="bbox 656 3186 2559 3261; baseline 0.002 -20.741"><span class='ocrx_word' id='word_1_191' title='bbox 656 3186 832 3242; x_wconf 89' lang='lat' dir='ltr'><em>Filius</em></span> <span class='ocrx_word' id='word_1_192' title='bbox 866 3194 972 3256; x_wconf 86' lang='lat' dir='ltr'><em>est,</em></span> <span class='ocrx_word' id='word_1_193' title='bbox 1003 3206 1125 3243; x_wconf 88' lang='lat' dir='ltr'><em>non</em></span> <span class='ocrx_word' id='word_1_194' title='bbox 1157 3192 1388 3259; x_wconf 81' lang='lat' dir='ltr'><em>adoptio</em></span> <span class='ocrx_word' id='word_1_195' title='bbox 1423 3190 1797 3261; x_wconf 78' lang='lat' dir='ltr'><em>(adoptatus),</em></span> <span class='ocrx_word' id='word_1_196' title='bbox 1826 3195 1884 3243; x_wconf 90' lang='lat' dir='ltr'><em>et</em></span> <span class='ocrx_word' id='word_1_197' title='bbox 1912 3192 2066 3244; x_wconf 90' lang='lat' dir='ltr'><em>Deus</em></span> <span class='ocrx_word' id='word_1_198' title='bbox 2099 3196 2330 3245; x_wconf 88' lang='lat' dir='ltr'><em>estnon</em></span> <span class='ocrx_word' id='word_1_199' title='bbox 2353 3195 2559 3246; x_wconf 80' lang='lat' dir='ltr'><em>creatio</em></span> 
     </span>
     <span class='ocr_line' id='line_1_32' title="bbox 621 3276 1632 3349; baseline 0.003 -19"><span class='ocrx_word' id='word_1_200' title='bbox 621 3276 969 3346; x_wconf 76' lang='lat' dir='ltr'><em>(creatus)...</em></span> <span class='ocrx_word' id='word_1_201' title='bbox 1003 3282 1080 3333; x_wconf 85' lang='lat' dir='ltr'><em>De</em></span> <span class='ocrx_word' id='word_1_202' title='bbox 1113 3282 1338 3345; x_wconf 83' lang='lat' dir='ltr'><em>Trinit.‚</em></span> <span class='ocrx_word' id='word_1_203' title='bbox 1373 3281 1511 3349; x_wconf 89' lang='lat' dir='ltr'>VIII,</span> <span class='ocrx_word' id='word_1_204' title='bbox 1544 3284 1632 3333; x_wconf 88' lang='lat'><em>41.</em></span> 
     </span>
    </p>

    <p class='ocr_par' dir='ltr' id='par_1_26' title="bbox 551 3367 2558 3525">
     <span class='ocr_line' id='line_1_33' title="bbox 655 3367 2558 3439; baseline 0.003 -20.689"><span class='ocrx_word' id='word_1_205' title='bbox 655 3367 1181 3438; x_wconf 79' lang='lat' dir='ltr'><em>diversitatemque</em></span> <span class='ocrx_word' id='word_1_206' title='bbox 1232 3385 1470 3422; x_wconf 79' lang='lat' dir='ltr'><em>sunm...</em></span> <span class='ocrx_word' id='word_1_207' title='bbox 1534 3369 1893 3422; x_wconf 82' lang='lat' dir='ltr'><em>desolationis</em></span> <span class='ocrx_word' id='word_1_208' title='bbox 1939 3368 2220 3439; x_wconf 83' lang='lat' dir='ltr'><em>(virorum</em></span> <span class='ocrx_word' id='word_1_209' title='bbox 2262 3369 2558 3424; x_wconf 83' lang='lat' dir='ltr'><em>desolato-</em></span> 
     </span>
     <span class='ocr_line' id='line_1_34' title="bbox 619 3456 2003 3525; baseline 0.003 -19"><span class='ocrx_word' id='word_1_210' title='bbox 619 3458 772 3525; x_wconf 86' lang='lat' dir='ltr'><em>rum)</em></span> <span class='ocrx_word' id='word_1_211' title='bbox 805 3456 1116 3525; x_wconf 82' lang='lat' dir='ltr'><em>querela...</em></span> <span class='ocrx_word' id='word_1_212' title='bbox 1154 3461 1470 3510; x_wconf 85' lang='lat' dir='ltr'><em>testetur...</em></span> <span class='ocrx_word' id='word_1_213' title='bbox 1504 3459 1580 3509; x_wconf 89' lang='lat' dir='ltr'><em>De</em></span> <span class='ocrx_word' id='word_1_214' title='bbox 1613 3459 1835 3523; x_wconf 62' lang='lat' dir='ltr'><em>Trinit„</em></span> <span class='ocrx_word' id='word_1_215' title='bbox 1864 3457 1929 3523; x_wconf 89' lang='lat' dir='ltr'><em>X,</em></span> <span class='ocrx_word' id='word_1_216' title='bbox 1954 3461 2003 3510; x_wconf 84' lang='lat'><em>9.</em></span> 
     </span>
    </p>

    <p class='ocr_par' dir='ltr' id='par_1_27' title="bbox 549 3545 2559 3790">
     <span class='ocr_line' id='line_1_35' title="bbox 652 3545 2557 3616; baseline 0.003 -21.641"><span class='ocrx_word' id='word_1_217' title='bbox 652 3547 868 3598; x_wconf 80' lang='lat' dir='ltr'><em>novitas</em></span> <span class='ocrx_word' id='word_1_218' title='bbox 903 3547 1224 3613; x_wconf 83' lang='lat' dir='ltr'><em>temporalis</em></span> <span class='ocrx_word' id='word_1_219' title='bbox 1255 3547 1432 3616; x_wconf 82' lang='lat' dir='ltr'><em>(nove.</em></span> <span class='ocrx_word' id='word_1_220' title='bbox 1459 3545 1721 3599; x_wconf 87' lang='lat' dir='ltr'><em>hominis</em></span> <span class='ocrx_word' id='word_1_221' title='bbox 1748 3546 2004 3616; x_wconf 79' lang='lat' dir='ltr'><em>natura),</em></span> <span class='ocrx_word' id='word_1_222' title='bbox 2035 3545 2171 3599; x_wconf 88' lang='lat' dir='ltr'><em>licet</em></span> <span class='ocrx_word' id='word_1_223' title='bbox 2198 3553 2469 3601; x_wconf 81' lang='lat' dir='ltr'><em>maneret</em></span> <span class='ocrx_word' id='word_1_224' title='bbox 2496 3549 2557 3601; x_wconf 91' lang='lat' dir='ltr'><em>in</em></span> 
     </span>
     <span class='ocr_line' id='line_1_36' title="bbox 619 3633 2559 3702; baseline 0.003 -17"><span class='ocrx_word' id='word_1_225' title='bbox 619 3633 834 3687; x_wconf 89' lang='lat' dir='ltr'><em>virtute</em></span> <span class='ocrx_word' id='word_1_226' title='bbox 891 3640 1142 3702; x_wconf 69' lang='lat' dir='ltr'><em>naturae,</em></span> <span class='ocrx_word' id='word_1_227' title='bbox 1192 3635 1474 3688; x_wconf 79' lang='lat' dir='ltr'><em>amiserat</em></span> <span class='ocrx_word' id='word_1_228' title='bbox 1520 3639 1723 3689; x_wconf 80' lang='lat' dir='ltr'><em>tamen</em></span> <span class='ocrx_word' id='word_1_229' title='bbox 1767 3651 1903 3688; x_wconf 88' lang='lat' dir='ltr'><em>cum</em></span> <span class='ocrx_word' id='word_1_230' title='bbox 1939 3635 2131 3690; x_wconf 79' lang='lat' dir='ltr'><em>forma</em></span> <span class='ocrx_word' id='word_1_231' title='bbox 2161 3636 2328 3690; x_wconf 92' lang='lat' dir='ltr'><em>Dei...</em></span> <span class='ocrx_word' id='word_1_232' title='bbox 2357 3636 2559 3691; x_wconf 81' lang='lat' dir='ltr'><em>&#39;unita-</em></span> 
     </span>
     <span class='ocr_line' id='line_1_37' title="bbox 618 3725 1415 3790; baseline 0.003 -16"><span class='ocrx_word' id='word_1_233' title='bbox 618 3726 804 3776; x_wconf 87' lang='lat' dir='ltr'><strong>tem...</strong></span> <span class='ocrx_word' id='word_1_234' title='bbox 838 3726 914 3775; x_wconf 90' lang='lat' dir='ltr'><em>De</em></span> <span class='ocrx_word' id='word_1_235' title='bbox 947 3726 1171 3790; x_wconf 62' lang='lat' dir='ltr'><em>Trinit„</em></span> <span class='ocrx_word' id='word_1_236' title='bbox 1208 3725 1298 3785; x_wconf 79' lang='lat' dir='ltr'><em>IX,</em></span> <span class='ocrx_word' id='word_1_237' title='bbox 1329 3727 1415 3779; x_wconf 89' lang='lat'><em>38.</em></span> 
     </span>
    </p>

    <p class='ocr_par' dir='ltr' id='par_1_28' title="bbox 547 3810 2556 4147">
     <span class='ocr_line' id='line_1_38' title="bbox 653 3810 2556 3883; baseline 0.003 -20.631"><span class='ocrx_word' id='word_1_238' title='bbox 653 3810 917 3864; x_wconf 74' lang='lat' dir='ltr'><em>ridiculae</em></span> <span class='ocrx_word' id='word_1_239' title='bbox 959 3813 1138 3882; x_wconf 84' lang='lat' dir='ltr'><em>hujus</em></span> <span class='ocrx_word' id='word_1_240' title='bbox 1174 3815 1561 3881; x_wconf 74' lang='lat' dir='ltr'><em>perversitatis</em></span> <span class='ocrx_word' id='word_1_241' title='bbox 1596 3812 1699 3881; x_wconf 87' lang='lat' dir='ltr'><em>(rei</em></span> <span class='ocrx_word' id='word_1_242' title='bbox 1730 3813 2038 3882; x_wconf 61' lang='lat' dir='ltr'><em>perversae)</em></span> <span class='ocrx_word' id='word_1_243' title='bbox 2072 3830 2240 3868; x_wconf 87' lang='lat' dir='ltr'><em>error</em></span> <span class='ocrx_word' id='word_1_244' title='bbox 2270 3815 2330 3867; x_wconf 90' lang='lat' dir='ltr'><em>in</em></span> <span class='ocrx_word' id='word_1_245' title='bbox 2369 3815 2556 3883; x_wconf 81' lang='lat' dir='ltr'><em>majo-</em></span> 
     </span>
     <span class='ocr_line' id='line_1_39' title="bbox 615 3901 2553 3972; baseline 0.003 -20"><span class='ocrx_word' id='word_1_246' title='bbox 615 3914 743 3952; x_wconf 89' lang='lat' dir='ltr'><em>rem</em></span> <span class='ocrx_word' id='word_1_247' title='bbox 766 3915 827 3954; x_wconf 91' lang='lat' dir='ltr'><em>se</em></span> <span class='ocrx_word' id='word_1_248' title='bbox 854 3901 1176 3970; x_wconf 80' lang='lat' dir='ltr'><em>impietatis</em></span> <span class='ocrx_word' id='word_1_249' title='bbox 1211 3902 1526 3956; x_wconf 74' lang='lat' dir='ltr'><em>audaciam</em></span> <span class='ocrx_word' id='word_1_250' title='bbox 1553 3918 1615 3954; x_wconf 92' lang='lat' dir='ltr'><em>se</em></span> <span class='ocrx_word' id='word_1_251' title='bbox 1657 3902 1988 3956; x_wconf 85' lang='lat' dir='ltr'><em>extendit...</em></span> <span class='ocrx_word' id='word_1_252' title='bbox 2019 3905 2093 3955; x_wconf 91' lang='lat' dir='ltr'><em>De</em></span> <span class='ocrx_word' id='word_1_253' title='bbox 2127 3906 2349 3972; x_wconf 84' lang='lat' dir='ltr'><em>Trinit.,</em></span> <span class='ocrx_word' id='word_1_254' title='bbox 2376 3906 2440 3971; x_wconf 86' lang='lat' dir='ltr'><em>X,</em></span> <span class='ocrx_word' id='word_1_255' title='bbox 2468 3908 2553 3958; x_wconf 92' lang='grc'><em>50.</em></span> 
     </span>
     <span class='ocr_line' id='line_1_40' title="bbox 650 3988 2554 4060; baseline 0.003 -19.641"><span class='ocrx_word' id='word_1_256' title='bbox 650 3988 752 4041; x_wconf 81' lang='lat' dir='ltr'><em>tali</em></span> <span class='ocrx_word' id='word_1_257' title='bbox 791 3992 1100 4044; x_wconf 81' lang='lat' dir='ltr'><em>severitatis</em></span> <span class='ocrx_word' id='word_1_258' title='bbox 1138 3990 1265 4060; x_wconf 88' lang='lat' dir='ltr'><em>(viri</em></span> <span class='ocrx_word' id='word_1_259' title='bbox 1302 3990 1513 4060; x_wconf 87' lang='lat' dir='ltr'><em>severi)</em></span> <span class='ocrx_word' id='word_1_260' title='bbox 1541 3991 1840 4044; x_wconf 79' lang='lat' dir='ltr'><em>sententia</em></span> <span class='ocrx_word' id='word_1_261' title='bbox 1869 3991 2253 4046; x_wconf 79' lang='lat' dir='ltr'><em>confirmatus</em></span> <span class='ocrx_word' id='word_1_262' title='bbox 2283 3994 2355 4047; x_wconf 80' lang='lat' dir='ltr'><em>ad</em></span> <span class='ocrx_word' id='word_1_263' title='bbox 2379 3993 2554 4047; x_wconf 82' lang='lat' dir='ltr'><em>Iidem</em></span> 
     </span>
     <span class='ocr_line' id='line_1_41' title="bbox 613 4081 1339 4147; baseline 0.004 -18"><span class='ocrx_word' id='word_1_264' title='bbox 613 4082 766 4133; x_wconf 87' lang='lat' dir='ltr'><em>est...</em></span> <span class='ocrx_word' id='word_1_265' title='bbox 800 4081 877 4132; x_wconf 87' lang='lat' dir='ltr'><em>De</em></span> <span class='ocrx_word' id='word_1_266' title='bbox 917 4081 1141 4147; x_wconf 80' lang='lat' dir='ltr'><em>Trinit.,</em></span> <span class='ocrx_word' id='word_1_267' title='bbox 1177 4081 1241 4146; x_wconf 88' lang='grc' dir='ltr'><em>Χ,</em></span> <span class='ocrx_word' id='word_1_268' title='bbox 1276 4083 1339 4132; x_wconf 78' lang='lat'><em>27</em></span> 
     </span>
    </p>

    <p class='ocr_par' dir='ltr' id='par_1_29' title="bbox 547 4168 2552 4327">
     <span class='ocr_line' id='line_1_42' title="bbox 652 4168 2552 4238; baseline 0.004 -19.581"><span class='ocrx_word' id='word_1_269' title='bbox 652 4182 726 4220; x_wconf 90' lang='lat' dir='ltr'><em>ne</em></span> <span class='ocrx_word' id='word_1_270' title='bbox 777 4168 827 4222; x_wconf 92' lang='lat' dir='ltr'><em>si</em></span> <span class='ocrx_word' id='word_1_271' title='bbox 889 4168 1160 4222; x_wconf 84' lang='lat' dir='ltr'><em>contenti</em></span> <span class='ocrx_word' id='word_1_272' title='bbox 1220 4169 1580 4237; x_wconf 50' lang='lat' dir='ltr'><em>indulye‘ntm</em></span> <span class='ocrx_word' id='word_1_273' title='bbox 1630 4169 1735 4238; x_wconf 90' lang='lat' dir='ltr'><em>(rei</em></span> <span class='ocrx_word' id='word_1_274' title='bbox 1779 4169 2094 4234; x_wconf 79' lang='lat' dir='ltr'><em>concessoe)</em></span> <span class='ocrx_word' id='word_1_275' title='bbox 2146 4171 2552 4226; x_wconf 81' lang='lat' dir='ltr'><em>moderatione</em></span> 
     </span>
     <span class='ocr_line' id='line_1_43' title="bbox 613 4256 1866 4327; baseline 0.002 -19"><span class='ocrx_word' id='word_1_276' title='bbox 613 4256 958 4311; x_wconf 79' lang='lat' dir='ltr'><em>amittamus</em></span> <span class='ocrx_word' id='word_1_277' title='bbox 989 4257 1289 4312; x_wconf 80' lang='lat' dir='ltr'><em>indulta...</em></span> <span class='ocrx_word' id='word_1_278' title='bbox 1325 4260 1399 4311; x_wconf 89' lang='lat' dir='ltr'><em>De</em></span> <span class='ocrx_word' id='word_1_279' title='bbox 1431 4260 1656 4327; x_wconf 61' lang='lat' dir='ltr'><em>Trinit„</em></span> <span class='ocrx_word' id='word_1_280' title='bbox 1683 4259 1748 4326; x_wconf 91' lang='lat' dir='ltr'><em>X,</em></span> <span class='ocrx_word' id='word_1_281' title='bbox 1780 4261 1866 4313; x_wconf 80' lang='grc'><em>53.</em></span> 
     </span>
    </p>
   </div>
  </div>
 </body>
</html>
