3371 4999
1387 377 1761 429 ——125—

709 530 1036 599 nuncupet,
1084 525 1144 580 in
1172 531 1391 589 natura
1418 542 1559 581 vero
1607 527 1796 580 Deum
1826 527 2084 592 Patrem,
2120 530 2178 580 et
2208 541 2353 580 unus
2400 541 2468 603 ac
2501 527 2651 581 solus

704 611 1007 682 personali
1052 614 1460 668 demutatione
1507 630 1568 668 se
1602 629 1767 668 nunc
1799 612 1860 667 in
1892 612 2007 667 alio
2039 613 2433 668 mentiatur...
2470 612 2650 685 (unus

709 702 783 771 ὧν(
819 717 887 756 ac
917 702 1124 771 solus).
1152 705 1229 757 De
1257 705 1482 772 Trinit„
1516 703 1635 771 VII,
1670 706 1758 789 39.
1794 702 1879 756 Cf.
1914 703 2059 771 stix,
2087 719 2145 772 p.
2178 706 2265 758 40.

1215 869 1275 925 2⁰
1304 882 1385 926 DE
1433 881 1930 926 COMPARATloNE

571 1000 964 1062 Adverbium
991 1002 1204 1082 magis
1235 1002 1671 1083 comparativo
1705 1001 1903 1063 semel
1935 1001 2369 1082 adjungitur⁴.

728 1127 1051 1193 promptior
1072 1127 1250 1193 mayis
1277 1126 1401 1194 spei
1429 1129 1648 1179 nostrae
1671 1140 1852 1194 quam
1879 1124 2064 1178 divini
2096 1125 2450 1179 sacramenti
2472 1125 2643 1180 effec-

704 1218 798 1267 tus
830 1218 985 1267 est...
1014 1216 1091 1267 De
1123 1215 1344 1283 Trinit„
1382 1215 1470 1282 IX,
1507 1217 1557 1268 4.

667 1371 724 1429 3⁰
772 1385 851 1428 DE
899 1385 1280 1431 POSSESSWO
1323 1391 1353 1425 «
1389 1386 1544 1431 SUUS
1589 1391 1620 1425 ))
1674 1387 1752 1429 ΕΤ
1801 1386 2169 1430 PRONOMINE
2220 1391 2249 1424 ((
2292 1387 2430 1430 SE»

567 1503 1015 1566 Possessivum
1050 1524 1206 1568 suus
1238 1515 1300 1566 et
1325 1525 1679 1587 pronomen
1702 1523 1769 1568 se
1800 1514 2193 1586 usurpantur
2214 1526 2250 1566 a
2274 1505 2340 1566 S.
2369 1505 2634 1580 Hilario,

514 1610 733 1663 contra
764 1622 1167 1663 communem
1197 1602 1502 1684 loquendi
1529 1603 2069 1665 «consuetudinem
2093 1583 2141 1664 2.

735 1742 858 1780 non
893 1726 1055 1780 enim
1101 1726 1482 1781 concluditur
1522 1726 1668 1781 fides
1711 1743 1813 1780 sua
1843 1725 2145 1780 saeeuliS...
2178 1728 2245 1781 In
2275 1728 2477 1781 Psalm.
2514 1731 2635 1798 118,

698 1819 749 1881 6,
782 1819 834 1868 7.
1839 1870 1842 1877 ,

733 1904 795 1958 in
840 1904 1059 1974 quibus
1114 1920 1248 1958 cum
1299 1920 1448 1974 opus
1490 1920 1652 1958 suum
1702 1904 1795 1972 sit,
1829 1918 2030 1958 tamen
2072 1909 2131 1958 et
2176 1921 2383 1959 eorum
2423 1906 2637 1975 quibus

691 1994 989 2063 judicium
1032 1998 1090 2048 et
1132 1993 1432 2063 justitiam
1482 1993 1643 2062 fecit,
1691 1992 1914 2048 utilitas
1957 1999 2111 2048 est...
2154 1995 2221 2048 1η
2259 1995 2461 2049 Psalm.
2511 1999 2631 2063 118,

698 2086 782 2152 16,
819 2087 868 2136 4.

730 2171 834 2225 sed
878 2171 977 2225 ubi
1024 2170 1254 2225 insidiae
1301 2175 1460 2239 sunt,
1504 2171 1607 2225 uhi
1654 2170 1877 2225 bellum
1925 2176 2033 2238 est,
2069 2187 2214 2241 opus
2254 2176 2344 2225 est
2389 2172 2632 2242 potioris

693 2260 920 2329 auxilii,
955 2277 1029 2314 ne
1063 2261 1123 2314 in
1151 2277 1206 2314 se
1249 2260 1335 2331 (in
1365 2260 1743 2331 prophetam)
1785 2260 2131 2314 dominetur
2168 2260 2363 2315 omnis
2395 2261 2631 2331 iniusti-

693 2349 840 2404 tia...
873 2352 938 2402 1η
975 2351 1179 2404 Psalm.
1218 2352 1338 2417 118,
1374 2352 1461 2418 17,
1491 2351 1542 2403 8.

725 2455 847 2492 non
880 2439 1086 2510 utique
1118 2444 1183 2493 ut
1201 2439 1327 2492 haec
1358 2440 1477 2492 Deo
1509 2424 1865 2509 provenia'nt
1895 2443 2237 2510 optamus...
2270 2444 2336 2493 ut
2359 2438 2632 2494 voluntas

689 2544 789 2583 sua
821 2527 996 2600 (ejus)
1026 2529 1193 2582 fiat...
1227 2530 1296 2581 1η
1317 2514 1519 2584 Psalmi.
1552 2531 1673 2595 134,
1710 2532 1798 2583 22.

727 2619 851 2671 haec
883 2623 1081 2671 autem
1121 2635 1150 2671 e
1183 2617 1484 2672 contrario
1530 2617 1791 2688 precatio
1836 2622 1943 2684 est,
1978 2621 2044 2671 ut
2083 2633 2205 2671 non
2252 2617 2482 2672 virtutis
2518 2633 2629 2673 suae

688 2705 852 2761 salus
905 2706 1228 2777 (prophetae
1269 2705 1616 2775 loquentis),
1664 2706 1770 2760 sed
1813 2705 2021 2759 salutis
2069 2722 2180 2759 suae
2224 2706 2407 2761 virtus
2446 2723 2480 2760 a
2509 2709 2627 2761 Deo

655 2793 827 2849 ,sit...
862 2798 927 2847 In
955 2796 1156 2878 Psalm.
1196 2799 1313 2862 139,
1351 2798 1436 2849 10.

721 2884 824 2937 sed
857 2883 1314 2955 magnificentiae
1347 2888 1404 2936 et
1431 2882 1664 2937 virtutis
1693 2901 1805 2938 suae
1837 2887 1964 2937 erat
1993 2900 2027 2937 a
2057 2883 2231 2938 nobis
2263 2900 2410 2954 opus
2454 2884 2627 2939 intel·

689 2970 1072 3043 legendum...
1106 2975 1182 3026 De
1214 2975 1439 3041 Trinit„
1466 2973 1506 3040 Ι,
1537 2976 1588 3027 6.

722 3077 918 3131 neque
948 3062 1009 3114 in
1032 3061 1316 3115 familiam
1343 3060 1586 3115 seminis
1607 3062 1696 3114 sui
1726 3060 2016 3131 (Abrahae)
2045 3078 2152 3132 per
2177 3062 2627 3123 benedictiones

686 3149 821 3204 fidei
856 3166 967 3204 suae
993 3156 1237 3204 renatus
1268 3150 1531 3206 evadis...
1567 3153 1644 3204 De
1676 3151 1903 3218 Trinit„
1938 3152 2001 3218 V,
2038 3154 2121 3205 15.

722 3239 791 3293 de
823 3255 1008 3294 manu
1036 3255 1140 3293 sua
1169 3239 1407 3310 (Patris)
1437 3256 1615 3292 nemo
1649 3239 1866 3308 rapit...
1897 3242 1972 3292 De
2005 3242 2228 3308 Trinit„
2259 3241 2374 3309 vll,
2399 3244 2488 3295 22.

721 3344 868 3398 opus
901 3344 1038 3399 ergo
1069 3345 1231 3382 suum
1263 3328 1674 3383 testimonium
1707 3333 1865 3382 est...
1899 3331 1975 3381 De
2010 3330 2231 3393 Trinit„
2266 3329 2356 3397 IX,
2392 3333 2478 3383 20.

615 3417 816 3471 omnia
846 3433 975 3486 quae
1014 3418 1200 3470 Patris
1238 3421 1398 3484 sunt,
1435 3433 1536 3470 sua
1577 3422 1717 3470 sunt
1745 3417 1987 3487 (Filii)...
2022 3420 2097 3471 De
2141 3420 2366 3487 Trinit„
2412 3419 2503 3484 IX,
2534 3422 2620 3473 31.

716 3522 822 3575 per
854 3506 911 3559 id
941 3523 1078 3559 vero
1112 3506 1271 3575 quod
1308 3506 1489 3559 tristis
1535 3512 1626 3559 est
1664 3506 1867 3560 anima
1895 3523 2000 3560 sua
2030 3506 2289 3576 (Christi)
2320 3523 2507 3577 usque
2549 3508 2622 3561 ad

680 3599 1002 3649 mortem...
1032 3594 1305 3648 volunt...
1339 3597 1415 3649 De
1444 3597 1665 3662 Trina„
1701 3597 1765 3663 X,
1796 3600 1881 3650 22.

718 3684 944 3738 dictum
988 3684 1152 3738 enim
1183 3684 1254 3738 de
1289 3685 1554 3754 corporis
1588 3686 1678 3738 sui
1723 3684 1949 3754 templo
1990 3690 2144 3739 est...
2180 3689 2254 3738 De
2298 3688 2521 3755 Trinit„
2552 3687 2617 3756 X,

681 3776 768 3827 59.

712 3867 1153 3916 sacramentum
1198 3878 1361 3916 suum
1401 3867 1508 3929 est,
1553 3868 1608 3916 et
1655 3863 1713 3916 in
1759 3868 2025 3932 tempore
2072 3868 2128 3916 et
2157 3863 2219 3916 in
2253 3878 2500 3932 opere...
2543 3867 2621 3918 De

679 3953 900 4018 Trinit„
934 3953 1026 4020 XI,
1058 3955 1146 4006 69.

529 4101 570 4146 1.
608 4098 684 4147 Cf.
712 4099 931 4158 Goelzor‚
957 4100 1111 4148 Sainc
1138 4101 1359 4160 Je‘rdme,
1391 4115 1440 4163 p.
1471 4102 1589 4160 4003
1616 4127 1675 4134 —
1707 4100 1942 4159 Kiihner,
1972 4100 2038 4159 ΙΙ,
2063 4114 2114 4162 p.
2139 4101 2249 4160 972,
2276 4100 2414 4149 Rem.
2442 4102 2488 4149 7.

524 4171 571 4218 2.
610 4169 685 4219 Cf.
713 4170 1000 4232 Riemann,
1031 4175 1053 4234 Ξ
1080 4175 1126 4230 9,
1159 4186 1210 4235 p.
1239 4173 1407 4220 23-29.
