3371 4999
1683 493 1773 525 -.-
1823 468 1929 524 124
1971 498 2059 508 —

1044 619 1307 691 Angelus
1338 619 1574 675 Domini
1619 621 1892 693 adAgar
1920 622 2156 678 locutus
2196 627 2305 691 est,
2339 621 2501 676 idem
2543 621 2618 676 ad
2649 620 2946 676 Abraham

1007 713 1152 765 Deus
1180 708 1447 780 loquitur
1473 711 1651 780 (Deus
1670 732 1742 759 z
1766 712 1869 773 θεὸς
1902 711 2017 782 ὢν).
2052 714 2127 765 De
2157 710 2381 781 Trinit„
2411 711 2501 780 IV,
2530 714 2619 766 24.

1044 815 1201 856 unus
1248 803 1337 853 est
1377 798 1674 854 mediator
1715 800 1819 854 Dei
1860 806 1919 854 et
1966 801 2280 855 hominurn
2328 800 2660 871 (Christus),
2693 801 2849 855 Deus
2893 803 2950 853 et

1007 889 1184 943 homo
1215 889 1396 957 (Deus
1423 893 1482 942 et
1512 889 1689 942 homo
1719 910 1791 938 Ξ
1817 891 1920 960 qui
1955 891 2109 944 Deus
2140 894 2229 944 est
2270 894 2329 943 et
2368 889 2567 957 homo,
2605 886 2709 950 θεὸς
2749 890 2818 940 ὤν
2868 889 2949 940 καὶ

798 974 1100 1047 ἅνθρωπος).
1134 979 1210 1030 De
1233 977 1460 1047 Trinit„
1492 978 1579 1045 IV,
1608 980 1698 1030 42.

949 1150 1005 1207 3⁰
1054 1163 1134 1205 DE
1173 1162 1289 1206 USU
1340 1161 1638 1206 NOMINUM
1690 1167 1720 1200 ((
1766 1162 2283 1207 INCORPORALIUM
2319 1167 2349 1201 )›
2393 1162 2530 1215 QUAE
2568 1160 2695 1206 CUM

1370 1269 1578 1313 VERBO
1632 1274 1662 1307 ((
1710 1270 1931 1313 ESSE»
1984 1268 2361 1314 JUNGUNTUR

873 1402 1147 1464 Nomina
1195 1403 1618 1483 incorporalia
1656 1422 1803 1464 cum
1837 1403 2033 1464 verbo
2068 1420 2210 1466 esse
2245 1402 2490 1483 juncta,
2528 1401 2741 1462 locum
2772 1401 2944 1463 verbi

793 1500 1035 1583 passivi
1066 1508 1306 1561 tenent.

1045 1624 1183 1694 quia
1207 1625 1546 1692 siqnificatio
1572 1629 1631 1679 et
1659 1627 1903 1693 coynicio
1933 1624 2125 1679 Patris
2154 1624 2214 1678 in
2247 1623 2391 1679 Filio
2416 1625 2488 1678 sit
2515 1640 2622 1694 per
2646 1610 2947 1694 significa-

1009 1714 1234 1767 tionem
1261 1714 1323 1767 in
1355 1729 1417 1766 se
1449 1713 1553 1767 Dei
1585 1713 1776 1767 Patris
1806 1713 1965 1783 (quia
1990 1712 2361 1784 significatur
2391 1717 2450 1766 et
2478 1712 2855 1784 cognoscitur
2883 1713 2944 1767 in

1006 1802 1150 1856 Filio
1182 1801 1399 1872 Pater)
1430 1804 1506 1854 De
1540 1803 1767 1871 Trinit„
1802 1803 1894 1871 XI,
1930 1804 2017 1856 33.

1042 1893 1287 1959 coqnitio
1312 1891 1515 1961 itaque
1542 1890 1790 1946 alterius
1821 1892 1880 1945 in
1909 1889 2095 1945 altero
2122 1897 2203 1945 est
2222 1888 2468 1961 (alterin
2493 1889 2680 1945 altefo
2704 1905 2946 1961 cognos-

1006 1980 1201 2051 citur).
1238 1981 1314 2034 De
1343 1982 1572 2048 Trinit„
1606 1981 1802 2046 V11‚5.

872 2129 1048 2190 Idem
1089 2129 1427 2190 dicendum
1467 2129 1544 2189 de
1588 2129 1955 2191 nominibus
1982 2128 2271 2210 ejusdem
2311 2128 2568 2212 generis
2614 2147 2756 2209 quae
2800 2145 2943 2188 cum

792 2227 1248 2309 praepositione
1273 2227 1342 2289 in
1362 2228 1748 2309 junguntur.

1044 2365 1157 2403 nec
1202 2339 1643 2404 in'solitarium
1694 2352 1882 2404 Deum
1930 2349 2150 2416 deficit,
2198 2365 2334 2403 cum
2384 2364 2540 2403 unus
2584 2352 2643 2402 et
2688 2361 2842 2401 unus
2885 2348 2944 2398 in

1008 2440 1417 2507 siqnificatione
1449 2454 1570 2491 non
1613 2437 1775 2492 solus
1804 2441 1877 2492 sit
1922 2439 2073 2510 (esse
2109 2439 2170 2492 in
2211 2437 2642 2511 significatione
2667 2457 2738 2485 z
2766 2434 2960 2508 signi--

1009 2527 1217 2596 ficari).
1247 2530 1324 2582 De
1351 2529 1576 2595 Τνὶηἱῐ,
1611 2529 1724 2596 VII,
1754 2532 1841 2583 32.
1877 2528 1959 2583 Cf.
1994 2530 2138 2594 Stia),
2165 2545 2221 2598 p
2252 2532 2338 2583 32.

1043 2617 1183 2686 quia
1231 2633 1343 2671 nec
1389 2617 1713 2671 nativitatis
1764 2616 2234 2689 intellegentiam
2287 2622 2503 2670 natura
2554 2593 2943 2685 incorporalis

1007 2706 1302 2772 admittat,
1341 2710 1401 2759 et
1430 2706 1534 2759 Dei
1567 2722 1639 2759 ex
1669 2705 1789 2761 Deo
1816 2706 1996 2760 fidem
2024 2723 2185 2760 unus
2209 2710 2441 2759 tantum
2469 2705 2623 2759 Deus
2646 2706 2705 2757 in
2736 2705 2945 2771 confes-

1007 2796 1160 2848 sione
1213 2796 1393 2865 (unus
1443 2795 1598 2848 Deus
1645 2795 2021 2864 praedicatus)
2066 2793 2348 2849 dissolvat
2402 2794 2549 2865 (esse
2599 2792 2662 2850 in
2711 2790 2947 2845 confes-

1009 2882 1176 2937 sione
1206 2904 1277 2931 :
1306 2882 1705 2953 praedicari)...
1737 2887 1813 2937 De
1846 2885 2069 2949 Trinit„
2105 2885 2219 2949 VII,
2253 2887 2304 2938 2.
2340 2882 2421 2938 Cf.
2449 2883 2594 2950 δεῖξις,
2628 2898 2683 2950 p.
2714 2884 2801 2935 32.

1525 3070 1600 3131 11.
1632 3106 1711 3114 —
1743 3071 1829 3176 ‘De
1871 3069 2185 3151 adjectivo

795 3226 852 3283 1⁰
918 3239 998 3288 DE
1047 3240 1413 3284 ADJECTIVIS
1471 3241 1610 3293 QUAE
1677 3241 1983 3294 TANQUAM
2053 3248 2084 3280 «
2120 3241 2471 3284 ATTmssnTA
2512 3246 2543 3278 »
2603 3239 2942 3284 SINGULARI

1555 3346 1732 3391 mono
1783 3348 2199 3391 usURPANTUR
2588 3327 2591 3332 ’

871 3477 1012 3538 Jam
1059 3477 1231 3538 dixi⁴
1291 3480 1553 3540 nomina
1611 3500 1789 3541 more
1852 3499 2213 3561 graecorum
2264 3480 2565 3561 usurpari
2634 3487 2938 3560 tanquam

793 3579 1135 3651 attributa;
1167 3576 1334 3636 idem
1367 3586 1579 3637 autem
1613 3577 1690 3638 de
1723 3577 2054 3660 adjectivis
2085 3577 2427 3638 dicendum
2464 3585 2582 3638 est.

1041 3675 1359 3729 invisibilis
1414 3677 1688 3730 enim‘et
1744 3677 2134 3747 incorporeus
2182 3682 2239 3731 et
2290 3673 2939 3746 incomprehensibilis,

1007 3769 1209 3834 utpote
1243 3781 1277 3819 a
1303 3767 1424 3819 Deo
1456 3766 1717 3835 genituS,
1750 3771 1983 3820 tantum
2016 3767 2074 3819 in
2116 3782 2176 3819 se
2222 3771 2278 3820 et
2308 3766 2570 3820 materiae
2612 3770 2670 3818 et
2698 3763 2939 3817 humili-

1006 3853 1141 3907 tatis
1189 3855 1496 3925 (Verbum)
1537 3855 1829 3923 recepit...
1875 3854 2212 3925 [invisibilis
2244 3854 2379 3925 (ὧν),
2411 3855 2568 3924 etc.].
2602 3857 2677 3907 De
2718 3854 2939 3919 Trinit„

1010 3943 1107 4012 ΙΙΙ,
1143 3946 1194 3997 3.
1221 3942 1305 3996 Cf.
1337 3944 1480 4011 Scisc,
1516 3961 1570 4013 p.
1602 3947 1688 3998 38.

1048 4047 1173 4084 non
1207 4032 1389 4086 enim.
1430 4031 1669 4086 .Filius
1713 4034 1812 4103 qui
1849 4032 1937 4086 via
1967 4037 2058 4086 est
2104 4038 2161 4087 et
2207 4033 2417 4086 veritas
2461 4037 2548 4086 et
2560 4032 2698 4099 vita
2723 4028 2943 4091 mimis

1008 4120 1406 4176 theatralibus
1451 4120 1622 4188 ludit,
1662 4127 1730 4176 ut
1772 4122 1832 4175 in
1876 4128 2181 4191 assumpto
2227 4121 2468 4175 homine
2502 4138 2563 4176 se
2594 4120 2809 4175 Filium
2840 4117 2943 4173 Dei

854 4248 899 4299 1.
938 4246 1013 4296 Cf.
1043 4262 1095 4312 p.
1125 4249 1232 4296 123.
