3371 4999
1350 428 1819 495 —17—‚
2017 412 2040 441 ³

436 577 653 637 Pactor
834 575 1226 631 credimuS....
1262 576 1392 631 in...
1421 580 1778 632 cunctorum
1828 593 1959 646 quae
2001 580 2143 630 sunt
2173 575 2596 630 aedificatorem

579 667 636 717 et
679 666 1018 730 factorem...
1053 667 1130 719 De
1160 665 1390 734 Synod„
1426 669 1512 728 29.
1556 665 1746 719 Plaut.
1781 665 1903 720 Cat.
1930 667 2092 720 Tert.
2130 665 2285 719 Lact.

434 754 880 822 Interpretator
1068 753 1335 825 linguam
1408 754 1849 826 ignorantibuS,
1916 753 2137 824 linguae
2191 755 2599 822 interpretator

566 838 888 896 absolvit...
926 844 1001 896 De
1031 844 1256 908 Trinit„
1291 844 1436 910 VIII,
1473 846 1559 898 30.
1591 844 1745 898 Tert.
1767 841 1885 914 (Cf.
1918 843 2165 911 Roensch,
2195 859 2251 912 p.
2277 842 2389 912 61).

434 931 727 986 Mediator
807 936 867 985 ..’.
897 931 1026 1001 ipso
1054 932 1356 986 mediatore
1379 931 1527 1005 legis
1542 932 1837 1002 rejecto...
1863 933 1930 985 In
1959 932 2164 985 Psalm.
2187 933 2275 1000 54,
2313 934 2395 986 12.
2424 930 2593 1001 Apul.

538 1012 543 1016 ’
576 1023 731 1075 Tert.
770 1020 925 1074 Lact.
959 1020 1066 1091 (Cf.
1102 1022 1346 1089 thanach,
1377 1038 1432 1091 p.
1469 1025 1566 1089 573
1599 1053 1668 1063 --
1699 1021 1925 1087 Goelzer,
1955 1037 2012 1091 p.
2046 1021 2157 1090 49).
2241 1088 2242 1091 Ἴ

435 1109 694 1178 Νθςαῐοι·
865 1108 1134 1163 absistite
1152 1109 1350 1180 itaque
1375 1110 1447 1164 ab
1472 1109 1839 1167 Auxentio...
1861 1109 1999 1164 fidei
2023 1116 2357 1177 neqatore...
2388 1109 2599 1162 Contra

574 1201 847 1268 Auaeent„
884 1203 968 1253 12.
994 1200 1150 1253 Tert.
1184 1200 1357 1271 Cypr.
1385 1198 1496 1271 (Cf.
1529 1201 1777 1268 mensch,
1804 1216 1869 1277 P·
1907 1203 1964 1254 61
1995 1216 2008 1267 ;
2046 1230 2101 1238 --
2136 1199 2362 1264 Goelzer,
2400 1215 2456 1268 p.
2482 1199 2595 1268 49).

437 1288 727 1358 operator
903 1304 1147 1343 omnem
1177 1293 1377 1343 tamen
1414 1305 1682 1357 sensum,
1731 1289 1907 1360 longe
1945 1304 2190 1365 necesse
2223 1293 2309 1342 est
2355 1288 2600 1342 excedat

577 1383 906 1446 operator...
940 1379 1016 1431 De
1041 1380 1266 1445 Trinit„
1290 1379 1332 1445 Ι,
1367 1383 1418 1431 7.
1450 1379 1684 1433 Firmic.
1722 1380 1876 1433 Tert.
1914 1366 2021 1447 (Cf.
2055 1378 2281 1446 Goelzer,
2310 1394 2366 1446 p.
2414 1376 2523 1447 49).

435 1456 717 1522 Peccator
913 1481 1034 1519 non
1068 1470 1240 1519 terrae
1293 1473 1556 1534 peccator
1605 1471 1694 1520 est
1748 1465 1869 1534 ille,
1904 1466 2008 1520 sed
2055 1465 2245 1520 caeli...
2286 1467 2355 1519 In
2391 1465 2594 1520 Psalm.

579 1557 701 1619 118,
736 1557 822 1622 15,
858 1557 944 1608 12.
981 1555 1135 1608 Ter-t.
1175 1555 1330 1608 Lact.
1355 1555 1459 1626 (Cf.
1492 1555 1719 1625 Goelzer,
1754 1572 1810 1626 p.
1848 1554 1959 1623 50).
2640 1624 2646 1631 .

435 1643 789 1699 Persecutor
963 1642 1106 1696 dum
1150 1651 1530 1711 persecutores
1561 1643 1715 1698 fiunt
1744 1643 2233 1714 praedicatoreS...
2285 1645 2354 1697 1η
2389 1644 2592 1697 Psalm.

576 1733 698 1798 138,
732 1734 820 1784 27.
858 1730 1108 1802 Capitol..
1147 1733 1302 1789 Lact.
1341 1732 1448 1804 (Cf.
1484 1733 1714 1801 Goelzer,
1750 1735 1805 1805 p.
1845 1732 1961 1801 50).
2570 1798 2574 1804 ,

431 1821 678 1876 Praeitor
896 1826 1215 1876 venturum
1234 1827 1299 1875 ut
1320 1825 1555 1890 praeitor
1587 1822 1960 1878 nuntiavit...
1994 1823 2060 1875 In
2092 1822 2317 1888 Matth„
2347 1826 2434 1890 11,
2470 1825 2519 1877 1.

433 1910 778 1966 Praeteritor
939 1913 1318 1979 praeteritores
1348 1910 1494 1982 legis
1518 1912 1711 1965 odit...
1757 1913 1822 1964 In
1847 1912 2051 1965 Psalm.
2088 1915 2209 1977 118,
2248 1915 2332 1976 15,
2363 1913 2414 1964 4.

436 1999 788 2068 Prospector
993 2005 1049 2052 et
1109 2006 1442 2068 prospector
1516 2005 1576 2055 et
1649 2000 2005 2054 emundator
2068 2006 2124 2055 et
2193 1999 2382 2069 judex
2438 2004 2594 2054 est...

577 2088 644 2140 In
665 2089 866 2141 Psalm.
904 2090 1026 2156 118,
1062 2091 1146 2155 16,
1188 2092 1233 2143 1.
1264 2088 1437 2158 Apul.
1467 2090 1620 2145 Tert.
1657 2089 1764 2160 (Cf.
1799 2090 2043 2156 Roensch,
2078 2102 2132 2159 p.
2164 2089 2270 2159 58).

436 2176 734 2235 Remissor
931 2177 1157 2245 peccati
1213 2179 1554 2231 remissorem
1616 2177 1751 2233 falsi
1811 2178 2035 2249 peccati
2109 2194 2278 2231 reum
2336 2177 2593 2247 arguit...

578 2267 645 2318 In
680 2265 881 2319 Psalm.
919 2268 1042 2330 121,
1077 2268 1127 2319 8.

436 2354 828 2410 Restaurator
1013 2354 1084 2407 ad
1116 2354 1222 2409 hos
1252 2356 1495 2410 eosdem
1524 2362 1931 2410 restauratores
1952 2354 2280 2409 Jerusalem
2309 2354 2597 2409 Dominus

578 2448 666 2498 est
695 2442 998 2499 locutuS...
1034 2445 1101 2497 1η
1136 2445 1338 2498 Psalm.
1378 2448 1498 2514 126,
1532 2448 1583 2499 4.

438 2532 785 2590 Retributor
968 2533 1276 2588 retributor
1364 2550 1501 2605 ergo
1595 2534 2073 2605 uniuscujusque
2152 2538 2241 2587 est
2305 2533 2470 2588 ille...
2529 2536 2597 2588 In

580 2623 783 2677 Psalm.
829 2625 916 2689 61,
942 2626 992 2677 9.
1023 2624 1174 2677 Tert.
1211 2622 1318 2693 (Cf.
1352 2625 1602 2692 Roensch,
1630 2641 1687 2693 p.
1723 2627 1819 2691 613
1842 2655 1909 2662 -
1932 2624 2153 2688 Goelzer,
2180 2640 2235 2692 p.
2269 2622 2378 2692 51).

439 2710 712 2768 Salvator
889 2700 1101 2766 Iesum*
1118 2710 1345 2766 scilicet
1367 2713 1590 2779 videre,
1615 2713 1675 2766 id
1701 2718 1790 2766 est
1808 2713 2138 2766 salvatorem
2158 2728 2335 2766 suum
2353 2728 2595 2766 nosse...

582 2800 650 2852 1η
681 2801 883 2855 Psalm.
919 2803 1006 2867 51,
1036 2803 1123 2856 24.
1159 2802 1314 2854 Tert.
1339 2801 1448 2871 (Cf.
1482 2802 1730 2870 Roensch,
1765 2819 1821 2871 p.
1857 2805 1954 2866 59;
1979 2832 2046 2839 —-
2076 2800 2378 2870 Goelzer‚p.
2414 2800 2521 2870 51).

441 2888 821 2946 salvificator
1001 2889 1073 2943 de
1124 2888 1279 2943 eaelis
1325 2892 1751 2944 salvificatorem
1794 2895 2065 2944 nostrum
2114 2895 2593 2960 exspectamuS...

568 2977 647 3030 'In
676 2977 878 3031 Psalm.
913 2981 1032 3044 131,
1067 2980 1153 3032 26.
1189 2980 1342 3031 Tert.
1377 2977 1484 3047 (Cf.
1517 2979 1744 3044 Goelzer,
1774 2995 1827 3048 p.
1858 2982 1966 3048 51).

442 3065 869 3134 supplantator
1054 3066 1325 3136 exposuit
1371 3067 1549 3121 Jacob
1602 3083 1761 3132 eum,
1805 3068 1945 3137 quia
1971 3068 2371 3135 supplantator
2398 3065 2597 3120 fratris

583 3154 678 3221 sit,
725 3159 1208 3225 nuncupatum...
1258 3157 1324 3209 In
1372 3156 1573 3209 Psalm.
1618 3159 1706 3224 52,
1759 3160 1818 3209 21
1859 3155 1964 3226 (Cf.
2007 3156 2257 3223 Roerisch,
2300 3172 2355 3225 p.
2386 3158 2486 3221 62;
2528 3185 2597 3193 —

584 3244 808 3309 Goelzer,
842 3260 899 3313 p.
930 3243 1043 3313 51).

440 3331 872 3401 Τταιιεςτθεεοι·
1054 3331 1327 3386 diabolus
1380 3333 1697 3403 angelique
1753 3332 1883 3401 ejus
1940 3332 2011 3387 ab
2062 3332 2232 3386 initio
2282 3339 2597 3400 transqres-

582 3436 798 3475 sores...
831 3422 896 3473 In
917 3421 1119 3474 Psalm.
1152 3424 1499 3489 118,14,17.
1531 3422 1685 3476 Tert.
1720 3424 1861 3478 Arn.
1897 3421 2003 3493 (Cf.
2037 3422 2260 3489 Goelzer,
2289 3439 2343 3493 p.
2374 3422 2483 3493 51).

519 3558 577 3637 Γ)
621 3557 890 3619 Nomina
925 3559 1219 3620 cadentia
1249 3560 1462 3621 in-siO.

441 3680 710 3737 Abscisio
896 3688 1052 3737 esset
1081 3689 1279 3737 autem
1325 3686 1553 3738 abscisio
1587 3685 1996 3739 membrorum
2022 3684 2250 3739 utilis...
2279 3686 2339 3738 Ιη
2369 3684 2591 3753 Ματεὴ.,

585 3773 636 3838 4,
670 3774 758 3823 21.
795 3773 936 3825 Arn.
972 3773 1077 3843 (Cf.
1112 3774 1338 3841 Goelzer,
1372 3791 1426 3842 p.
1462 3774 1572 3843 62).

443 3858 829 3915 circumcisio
1004 3867 1135 3929 post
1172 3860 1319 3932 legis
1342 3867 1608 3932 tempora
1629 3865 2171 3931 circumcisionisque
2189 3861 2592 3932 praescripta...

585 3950 650 4001 In
682 3950 885 4003 Psalm.
921 3952 1008 4016 67,
1042 3952 1125 4003 17.
1152 3952 1304 4003 Tert.
1344 3952 1496 4004 Lact.
1530 3950 1635 4021 (Cf.
1666 3951 1890 4018 Goetzer,
1927 3969 1982 4020 p.
2018 3951 2127 4020 64).

444 4035 784 4105 compassio
951 4055 1072 4108 per
1116 4042 1503 4107 compassionis
1546 4024 1747 4107 fidem,
1780 4041 1959 4094 etiam
1998 4040 2191 4109 seipso
2237 4040 2297 4092 in
2342 4028 2594 4093 Domino

587 4126 875 4196 propheta
904 4128 1231 4196 patiente...
1266 4130 1333 4181 In
1358 4130 1562 4183 Psalm.
1600 4132 1684 4196 56,
1708 4134 1758 4181 7.
1782 4131 1934 4184 Tert.
1970 4129 2075 4200 (Cf.
2111 4129 2357 4194 Rae-nsok,
2391 4145 2449 4198 p.
2483 4132 2549 4183 80
2578 4144 2591 4193 ;

587 4244 653 4252 Ν
699 4215 923 4284 Goelzer,
948 4234 1003 4286 p.
1039 4216 1149 4287 65).

2349 4317 2382 4366 2
