3371 4999
1696 456 1783 466 —-
1834 432 1935 482 ‘106
1969 442 2070 464 ‘—‘-

882 566 1008 628 Sed
1066 565 1128 625 in
1180 565 1391 627 locum
1448 565 1914 647 conjunctionis
1943 565 2163 646 quod,
2216 566 2955 647 conjunctionem-quia,

801 674 936 727 tum
973 665 1035 724 in
1065 667 1343 739 subjecto
1371 673 1505 726 tum
1535 665 1599 725 in
1630 667 1878 739 objecto
1906 664 2215 745 supponit
2240 664 2287 725 ⁴.

1049 804 1169 842 non
1202 789 1363 841 enim
1392 788 1715 860 degenerat
1737 804 1841 858 per
1867 787 2237 841 nativitatem
2261 793 2476 841 natura
2506 804 2583 843 ne
2608 787 2817 842 eadem
2843 787 2954 855 sit;

1014 893 1211 946 neque
1262 893 1500 931 rursum
1554 878 1689 945 quia
1734 877 1922 930 eadem
1965 882 2063 945 est,
2109 875 2584 948 intellegentiam
2640 876 2962 931 nativitatis
3023 924 3036 933 .

1016 966 1320 1035 offendit...
1352 968 1431 1019 -De
1464 967 1690 1031 Tre'nit„
1723 966 1841 1034 Vll,
1877 969 1943 1020 22
1977 966 2142 1035 (quia
2168 965 2378 1020 eadem
2410 973 2595 1020 est:
2623 964 2921 1037 subject).

1052 1056 1099 1110 si
1133 1060 1334 1110 autem
1368 1056 1425 1109 in
1460 1072 1529 1109 ea
1555 1054 1742 1125 gloria
1763 1055 2025 1115 ‘donatur
2056 1054 2106 1108 ei
2139 1070 2267 1108 esse
2300 1071 2418 1124 qua
2448 1060 2617 1124 pater
2656 1060 2762 1123 est,
2798 1043 2962 1109 habes

1017 1150 1075 1198 et
1109 1146 1169 1198 in
1199 1145 1480 1200 donantis
1511 1145 1863 1199 auctoritate
1891 1145 2024 1213 quia
2056 1145 2239 1212 major
2264 1150 2409 1197 esl...
2435 1146 2513 1197 De
2542 1144 2764 1210 Trinit„
2785 1143 2873 1209 IX,
2893 1144 2960 1197 44

1020 1234 1185 1304 (quia
1217 1233 1409 1302 major
1440 1237 1527 1287 est
1551 1256 1620 1281 z
1646 1232 1909 1302 object).

885 1375 1085 1436 Immo
1117 1375 1329 1447 etiam,
1372 1376 1676 1436 inlocum
1721 1375 1888 1456 quod
1931 1375 2318 1457 supponitur
2355 1386 2424 1435 uc
2462 1395 2608 1436 eum
2657 1374 2963 1457 subjunc-

804 1474 935 1534 tivo
961 1473 1007 1534 2.
1356 1490 1359 1493 ’
2993 1480 2996 1485 ’

1056 1614 1361 1685 regionem
1409 1613 1832 1685 intellegentur
1887 1614 2122 1668 excedit
2163 1614 2330 1685 (is)...
2382 1613 2490 1669 cui.
2526 1619 2615 1668 est
2654 1620 2717 1666 ut
2753 1629 2962 1682 semper

1014 1706 1152 1756 sit...
1186 1705 1262 1756 De
1295 1705 1520 1771 Trina„
1553 1705 1620 1772 ΙΙ,
1649 1707 1680 1757 6
1712 1704 1801 1773 (ut
1825 1720 2063 1774 semper
2088 1704 2164 1758 sit
2189 1726 2259 1752 r:
2289 1703 2587 1774 subject.).

1056 1793 1177 1861 ipse
1224 1793 1430 1862 (pater)
1482 1794 1807 1863 ingenitus
1841 1798 2120 1860 aeterum,
2163 1792 2368 1846 habens
2406 1793 2565 1849 inse
2614 1808 2851 1862 semper
2893 1798 2960 1846 ut

1019 1897 1229 1949 semper
1254 1884 1393 1936 sit...
1424 1885 1498 1934 De
1541 1884 1760 1949 Trinit„
1798 1883 1864 1950 ll,
1896 1886 1927 1936 6
1958 1883 2048 1952 (ut
2080 1898 2323 1951 semper
2352 1881 2427 1935 sit
2451 1903 2522 1930 z
2552 1880 2815 1951 object.).

2612 1969 2624 1992 Ο

889 2019 1013 2081 Pro
1039 2027 1111 2082 ut
1147 2020 1464 2102 reperitur
1493 2038 1572 2083 ne
1602 2038 1730 2082 non
1751 2038 1895 2081 cum
1927 2020 2354 2102 subjunctiv0.

1045 2144 1187 2213 quia
1215 2143 1430 2199 veritas
1458 2143 1863 2213 generationis
1893 2159 2004 2205 nec
2035 2143 2184 2213 patri
2210 2142 2420 2196 adimat
2448 2158 2516 2194 ne
2543 2159 2654 2195 non
2676 2141 2960 2196 Dominus

1018 2232 1159 2286 sit...
1192 2235 1267 2286 De
1299 2234 1523 2300 Trinn„
1560 2233 1647 2300 lx,
1679 2236 1745 2285 27
1782 2232 1877 2301 [ne
1910 2248 2032 2285 non
2067 2232 2173 2302 (ut)
2207 2231 2494 2286 Dominus
2521 2230 2957 2299 sitzobject.].

886 2365 938 2441 b)
986 2363 1356 2424 Enuntiatio
1395 2364 1778 2444 completiva
1823 2364 1922 2424 cui
1960 2363 2354 2444 praeponitur
2383 2362 2572 2442 quod,
2607 2361 2819 2422 verbis
2861 2363 2964 2420 de-

803 2464 1102 2523 clarandi
1125 2470 1186 2521 et
1216 2465 1534 2522 sentiendi
1563 2461 1922 2542 subjicitur,
1957 2480 2126 2521 nunc
2158 2480 2302 2522 cum
2335 2459 2761 2542 subjunctiv0‚
2797 2478 2962 2519 nunc

805 2580 949 2620 cum
980 2559 1323 2620 indicativo
1360 2568 1423 2619 et
1452 2560 1916 2641 propositionis
1953 2558 2284 2619 infinitivae
2320 2557 2537 2618 locum
2568 2565 2776 2628 tenet;
2823 2576 2963 2637 quae

803 2657 1259 2719 vocabulorum
1301 2666 1622 2718 structura
1662 2656 1834 2738 apud
1880 2656 2129 2738 priscos
2168 2656 2526 2737 scriptores
2558 2653 2875 2735 reperitur
2901 2661 2966 2714 et

807 2755 1202 2817 cotidianum
1235 2771 1597 2815 sermonem
1632 2754 1882 2816 redolet
1906 2755 1953 2814 ³.

804 2880 910 2935 Aio
943 2879 1103 2950 (oum
1139 2877 1318 2947 subj.)
1505 2877 1775 2947 superius
1820 2879 1901 2930 ait
1940 2878 2090 2946 qnod
2129 2893 2308 2946 super
2344 2876 2619 2930 inimicos
2651 2891 2788 2929 suos
2833 2891 2967 2947 pru-

960 2968 1261 3022 dentior...
1296 2973 1434 3020 esset
1462 2967 1775 3021 effectus...
1810 2968 1877 3020 1η
1911 2967 2113 3019 psalm.
2151 2969 2271 3034 118,
2310 2968 2395 3032 13,
2428 2967 2481 3019 5.

805 3058 1020 3113 Audire
1050 3057 1208 3127 (cum
1234 3056 1412 3125 subj.)
1599 3071 1736 3109 cum
1787 3055 1945 3108 enim
1989 3054 2150 3108 audit
2197 3051 2377 3108 Israel
2425 3053 2577 3123 quod
2619 3054 2773 3107 Deus
2807 3068 2966 3106 unus

946 3148 1086 3200 stt...
1121 3148 1199 3199 De
1231 3147 1456 3208 Trina„
1498 3146 1582 3210 iv,
1618 3148 1710 3198 42.
2041 3131 2049 3135 ’

809 3234 1091 3290 confiteri
1144 3234 1300 3302 (cum
1351 3232 1531 3302 subj.)
1706 3235 1879 3287 Patre
1926 3232 1997 3287 de
2058 3230 2205 3285 Filio
2262 3234 2555 3298 confitente
2605 3230 2756 3300 quod
2806 3232 2964 3284 Deus

913 3327 1118 3377 noster
1144 3325 1281 3376 sit...
1317 3323 1387 3375 De
1417 3323 1644 3389 Trinit„
1683 3323 1773 3390 IV,
1808 3325 1893 3375 37.

822 3411 1172 3467 Existimare
1204 3412 1361 3481 (cum
1393 3410 1573 3478 subj.)
1759 3427 1954 3480 neque
1990 3427 2229 3465 rursum
2255 3409 2689 3463 eoeistimanclum
2712 3408 2967 3477 estquod

956 3495 1289 3571 patriarcha
1319 3502 1640 3554 nescierit...
1668 3501 1743 3552 De
1769 3501 1994 3565 Trt‘nit„
2027 3501 2092 3566 V,
2130 3503 2212 3553 17.

800 3591 1088 3658 ¹Ianorare
1124 3589 1282 3658 (cum
1313 3588 1491 3658 subj.)
1677 3589 1735 3643 Si
1781 3593 1866 3656 tn,
1904 3588 2200 3655 haeretice‚
2250 3589 2477 3655 iynoras
2515 3586 2743 3656 quod...
2777 3586 2966 3640 Deum

950 3678 1221 3731 viderit...
1258 3678 1328 3731 De
1346 3666 1580 3745 Trinit.,'
1606 3679 1672 3746 V,
1708 3679 1795 3732 33.

795 3767 1164 3836 intellegere
1193 3766 1351 3835 (cum
1385 3766 1591 3827 indie.)
1766 3767 2020 3833 intelleqe
2054 3766 2203 3835 quod
2228 3766 2655 3820 DominUS...et
2683 3763 2969 3819 Dominus

953 3863 1010 3911 et
1033 3856 1232 3926 justus
1256 3855 1443 3925 judex
1476 3864 1622 3910 est...
1651 3859 1727 3909 De
1751 3858 1973 3923 Trinit„
2008 3857 2072 3924 V,
2107 3858 2189 3909 16.

876 4012 922 4057 1.
959 4009 1036 4058 Cf.
1072 4009 1206 4066 sm,
1237 4023 1289 4071 p.
1320 4012 1394 4057 20.

872 4084 919 4129 2.
956 4080 1032 4128 Cf.
1061 4081 1196 4140 Stix,
1235 4095 1286 4144 p.
1313 4084 1389 4130 21.

873 4154 919 4200 3.
958 4152 1032 4200 Cf.
1082 4153 1368 4212 Riemann,
1415 4153 1436 4212 Ξ
1484 4153 1589 4210 172,
1636 4166 1689 4215 p.
1739 4155 1847 4213 274,
1896 4153 1951 4212 h3
1995 4180 2053 4188 ——
2104 4150 2332 4211 Goelzer,
2366 4149 2524 4199 Saint
2548 4151 2771 4209 Je‘rdme,
2796 4164 2849 4213 p.
2873 4151 2966 4199 375

815 4225 868 4271 et
894 4237 1007 4283 seq.
