3371 4999
1609 417 1978 469 —100—

785 566 888 639 De,
922 563 1093 624 idem
1124 564 1446 625 interdum
1476 563 1647 624 valet
1677 584 1751 625 ac
1783 583 1937 644 prae,
1962 553 2071 627 ⁸01).

957 701 1134 740 canes
1183 686 1369 753 enim,
1411 686 1478 740 de
1523 685 1862 741 oblatrandi
1907 686 2187 740 adversus
2229 687 2415 739 Deum
2447 684 2629 753 rabie,
2663 688 2869 754 gentes

922 781 1062 829 sunt
1090 779 1516 845 nuncupatae...
1550 777 1617 828 In
1646 774 1869 840 Manli„
1898 778 1951 840 6,
1987 779 2036 828 1.

956 863 1361 933 quaerentibus
1392 880 1425 918 a
1450 879 1533 928 se,
1568 879 1706 917 cum
1736 863 2101 917 daemonium
2125 862 2342 932 ejicere
2371 876 2493 917 non
2512 862 2861 932 potuissent,

917 952 1225 1022 respondit
1281 952 1347 1005 de
1395 952 1595 1021 inopia
1644 952 1780 1006 fidei
1827 952 2109 1006 effectum
2156 967 2283 1005 esse
2332 965 2408 1003 ne
2451 954 2765 1020 possent...
2803 951 2865 1002 In

921 1042 1148 1106 Matth„
1186 1046 1271 1110 17,
1304 1046 1354 1095 1.

951 1136 1190 1185 sanctos
1225 1131 1291 1184 de
1319 1130 1517 1184 volatu
1548 1130 1835 1200 spiritalis
1873 1130 2143 1200 corporis
2171 1129 2403 1200 aquilas
2432 1128 2864 1197 nuncupavit...

916 1222 984 1273 In
1014 1219 1213 1273 Matth.
1247 1223 1334 1286 25,
1363 1222 1413 1273 8.

784 1354 961 1416 Idem
989 1329 1160 1417 valet
1182 1356 1374 1417 etiam
1405 1363 1595 1436 atque
1623 1373 1719 1418 ex.

959 1462 1258 1532 accepisse
1289 1466 1487 1515 autem
1519 1460 1774 1515 formam
1805 1460 1955 1524 servi
1987 1477 2123 1514 eum
2166 1460 2268 1530 qui
2318 1465 2473 1514 esset
2513 1459 2575 1511 in
2614 1458 2719 1512 Dei
2743 1457 2866 1511 for-

934 1566 1050 1618 ma,
1085 1551 1149 1604 de
1182 1550 1298 1621 (ex)
1340 1550 1653 1604 contrariis
1691 1556 2088 1621 comparatur.
2139 1551 2213 1602 De
2269 1551 2492 1614 Trinit„
2538 1548 2603 1612 X,
2647 1550 2733 1602 22.
2780 1545 2862 1600 Cf.

927 1638 1070 1703 Stioe,
1107 1655 1160 1708 p.
1197 1641 1247 1703 3,
1280 1643 1331 1692 4.
2323 1644 2330 1647 ’

959 1727 1084 1782 herc
1130 1728 1310 1797 igitur
1360 1727 1499 1782 licet
1546 1735 1777 1782 mutare
1810 1728 1876 1782 de
1907 1728 2022 1799 (ex)
2057 1745 2126 1783 eo
2155 1728 2315 1798 quod
2342 1727 2462 1780 sint
2493 1724 2659 1779 nullo
2687 1723 2863 1778 modo

918 1816 1214 1886 possi-nt...
1239 1819 1315 1870 De
1340 1819 1567 1882 Trinit„
1595 1819 1664 1884 ΙΙ,
1690 1820 1742 1871 4.
1769 1816 1853 1871 Cf.
1886 1818 2028 1885 stix,
2065 1834 2122 1887 p.
2158 1821 2244 1871 17.

953 1920 1075 1958 nou
1107 1906 1501 1959 annuntiatus
1532 1922 1636 1976 per
1667 1904 1946 1977 angelum
1981 1905 2045 1959 de
2077 1908 2289 1960 Sancto
2320 1904 2540 1975 Spiritu
2564 1907 2767 1973 partus
2790 1917 2861 1956 ex

920 1992 1230 2064 Virgine...
1267 1996 1343 2047 De
1376 1996 1601 2063 Triuia,
1638 1996 1730 2062 VI,
1766 1998 1852 2048 23.

1737 2180 1839 2231 Ex

787 2310 1167 2392 Praepositio
1199 2330 1273 2375 ex
1304 2334 1447 2373 eum
1484 2313 1763 2374 ablativo
1787 2314 2031 2395 juncta,
2067 2314 2387 2394 reperitur
2428 2313 2492 2372 in
2522 2311 2862 2372 locutioni-

704 2407 824 2469 bus
854 2409 1086 2491 quibus
1113 2409 1372 2491 aliquod
1400 2411 1783 2471 vocabulum
1810 2411 2247 2471 necessarium
2281 2408 2707 2470 subtrahitur.

955 2527 1146 2596 (mens
1200 2528 1483 2594 humana)
1547 2534 1876 2582 creatorem
1933 2545 2108 2583 suum
2164 2531 2337 2582 Deum
2376 2545 2444 2581 ezr
2478 2530 2588 2581 Deo
2620 2525 2859 2581 discit...

919 2616 1129 2686 (Deum
1162 2623 1346 2669 ortum
1379 2634 1450 2670 ex
1483 2617 1646 2686 Deo).
1684 2621 1758 2670 De
1791 2618 2014 2684 Trinit.,
2041 2619 2082 2684 1,
2119 2622 2203 2672 10.

957 2705 1099 2758 dum
1132 2706 1503 2774 regeneratio
1537 2706 1609 2759 ad
1645 2706 1825 2760 vitam
1858 2705 2190 2775 spiritalem
2222 2723 2367 2759 mors
2397 2710 2556 2759 esset
2581 2722 2649 2758 ea:
2677 2706 2859 2758 vita...

921 2793 1105 2862 (mors
1145 2809 1214 2846 εει·
1251 2796 1367 2847 vita
1397 2816 1467 2842 z
1496 2811 1661 2849 mors
1692 2811 1804 2863 qua
1834 2810 1903 2848 esc
1933 2795 2034 2847 hac
2065 2797 2182 2849 vita
2215 2796 2465 2848 terrestri
2496 2792 2752 2863 emimus).
2789 2794 2863 2846 De

922 2884 1146 2947 Trinit„
1184 2884 1225 2948 Ι,
1263 2886 1345 2937 13.

958 2970 1220 3040 (Paulus)
1254 2988 1323 3024 ecc
1360 2979 1718 3039 persecutore
1752 2972 2028 3026 Ecclesiae
2060 2972 2276 3026 dixit...
2314 2971 2554 3042 (Paulus
2585 2987 2655 3025 ex
2672 2986 2862 3039 perse-

919 3065 1110 3111 cutore
1140 3060 1441 3124 Ecclesiam
1468 3068 1869 3129 propuynator
1892 3063 2121 3131 faetus).
2156 3063 2231 3114 De
2263 3062 2488 3127 Trinit„
2519 3061 2607 3125 IV,
2641 3063 2727 3113 39.

953 3163 1075 3199 non
1121 3148 1512 3202 annuntiatus
1543 3166 1650 3219 per
1680 3149 1962 3221 angelum
1992 3150 2058 3203 de
2087 3156 2279 3202 sancto
2316 3151 2534 3217 Spiritu
2562 3154 2765 3217 partus
2792 3162 2864 3199 ex

919 3235 1229 3306 Virgine...
1288 3238 1514 3307 (partus
1560 3241 1849 3307 profectus
1906 3256 1976 3292 ex
2030 3239 2270 3310 Virgine
2323 3243 2499 3308 atque
2539 3254 2607 3290 ecc
2643 3236 2865 3305 Spiritu

921 3325 1171 3394 sancto).
1206 3330 1282 3379 De
1310 3329 1536 3393 Trinit„
1576 3329 1662 3392 VI,
1694 3332 1782 3381 ⁶23.

942 3413 1016 3467 ad
1052 3414 1282 3468 crimen
1321 3416 1649 3469 confitendi
1681 3434 1750 3470 em
1781 3418 1989 3471 lumine
2012 3418 2304 3471 lumime...
2335 3414 2604 3485 (luminis
2633 3415 2865 3468 orientis

921 3518 991 3555 ex
1024 3502 1297 3574 lumine).
1327 3507 1403 3557 De
1438 3508 1665 3574 Trinit.‚
1695 3506 1783 3573 VI,
1821 3510 1907 3559 12.

788 3592 799 3601 “
952 3592 1178 3645 Hebion
1230 3594 1544 3647 adversum
1596 3594 1921 3648 Sabellium
1952 3596 2250 3662 euanqele'a
2282 3592 2393 3647 sibi
2421 3610 2489 3645 ea:
2524 3593 2641 3660 filio
2671 3590 2864 3645 Mariae
2923 3595 2928 3600 ’

922 3679 1256 3734 defendit...
1320 3682 1653 3753 (euangelia
1704 3689 1849 3750 orta,
1895 3686 2155 3751 profecta
2196 3700 2266 3736 ex
2314 3682 2500 3751 Filio).
2532 3684 2607 3734 De
2640 3681 2862 3746 Trinit.‚

923 3770 1037 3835 VII,
1074 3774 1124 3821 7.

958 3874 1095 3911 cum
1143 3862 1517 3925 manitionem
1541 3869 1608 3912 ese
1633 3864 1704 3913 eo'
1722 3861 1907 3929 patris
1931 3861 2057 3929 ipsa
2085 3859 2186 3914 illa
2212 3859 2497 3913 differens
2522 3858 2593 3912 ab
2627 3874 2696 3911 eo
2728 3873 2866 3910 con-

922 3947 1105 4015 specti
1122 3948 1382 4001 hominis
1402 3954 1615 4002 natura
1637 3965 1757 4004 non
1780 3954 2082 4017 praestet...
2105 3949 2537 4019 (cognitionem
2551 3948 2865 4016 profectam

921 4050 989 4088 ex
1024 4035 1137 4106 eo).
1167 4040 1242 4089 De
1268 4040 1491 4106 Trinit„
1528 4038 1646 4103 vll,
1676 4040 1763 4090 35.

956 4141 1067 4177 nec
1124 4142 1231 4194 per
1289 4126 1654 4180 nativitatem
1710 4126 1812 4178 Dei
1869 4124 2066 4179 amisit
2114 4143 2180 4179 ex
2228 4141 2281 4179 se
2320 4126 2421 4178 Dei
2467 4131 2672 4177 natura
2706 4121 2865 4192 quod

918 4214 1072 4267 Deus
1120 4221 1274 4269 est...
1329 4222 1567 4283 (natura
1611 4205 1718 4267 Dei
1750 4231 1871 4283 φιλ)
1904 4221 1984 4267 est
2015 4231 2085 4268 ex
2119 4215 2223 4285 se).
2258 4217 2333 4267 De
2368 4216 2593 4280 Trinz't.,
2627 4213 2741 4280 VII,
2776 4214 2862 4265 39.
