3371 4999
1424 407 1762 459 —37—

516 552 983 608 Irreformahilis
1175 571 1249 609 ne
1304 572 1412 625 per
1454 526 1619 611 testa}
1674 555 2073 626 fragmentum
2125 557 2533 624 irreformabile
2575 573 2673 611 vas

656 648 856 712 posset
882 642 1218 716 intellegi...
1246 646 1313 698 In
1342 647 1543 700 Psalm.
1576 649 1630 712 2,
1660 650 1748 701 39.
1783 650 1936 700 Tert.

596 827 660 883 5⁰
686 820 1020 904 Adjectiva
1044 823 1276 906 quibus
1308 825 1708 907 praeponitur
1736 829 1802 885 in
1832 834 1897 886 et
1925 826 2220 888 cadentia
2250 826 2313 887 in
2347 848 2506 890 -ens.

517 983 902 1054 Impaenitens
1074 1000 1182 1053 per
1204 985 1639 1052 impaenitentem
1669 983 2035 1040 voluntatem
2071 985 2185 1055 ipsi
2211 1001 2272 1039 se
2305 986 2672 1040 constituent

658 1073 990 1127 urendos..
1016 1075 1080 1126 ln
1112 1074 1318 1128 Psalm.
1352 1078 1404 1141 2,
1440 1076 1525 1128 18.
1559 1074 1741 1144 Cypr.
1773 1073 1880 1144 (Cf.
1910 1075 2157 1141 Roensch,
2190 1092 2246 1145 p.
2270 1076 2419 1145 225).

514 1161 873 1218 Indeficiens
1047 1162 1225 1231 cujus
1257 1163 1573 1230 indeficiens
1600 1163 2015 1218 misericordia
2039 1163 2179 1219 sit...
2221 1166 2285 1217 ln
2311 1164 2513 1218 l’salm.
2545 1167 2669 1230 135,

658 1255 708 1305 3.
743 1253 897 1307 Tert.
930 1252 1085 1306 Lact.
1116 1250 1225 1321 (Cf.
1256 1253 1486 1318 Goelzer,
1530 1270 1586 1322 p.
1617 1252 1763 1321 162).

515 1340 890 1397 Inoboediens
1059 1342 1163 1411 qui
1191 1342 1584 1396 inoboedientes
1607 1341 1720 1414 legi
1755 1341 1858 1396 Dei
1886 1348 2095 1397 sunt...
2121 1344 2188 1396 ln
2219 1342 2420 1396 Psalm.
2453 1344 2573 1408 128,
2609 1345 2662 1395 2.

660 1431 814 1484 Tert.
851 1429 957 1499 (Cf.
992 1431 1237 1499 Roensch,
1272 1448 1329 1501 p.
1353 1434 1485 1495 2263
1517 1462 1585 1469 —
1612 1431 1837 1499 Goelzer,
1866 1447 1924 1501 p.
1963 1430 2105 1501 162).

595 1576 659 1634 60
689 1570 1026 1655 Adjectiva
1055 1573 1290 1655 quibus
1321 1574 1717 1655 praeponitur
1745 1578 1810 1633 in
1842 1582 1905 1635 et
1930 1573 2223 1635 cadentia
2249 1573 2314 1633 in
2345 1577 2454 1633 -isn

517 1721 862 1777 Inanimalis
1026 1721 1345 1776 absorbere
1364 1727 1564 1776 autem
1587 1721 1647 1775 id
1678 1721 1839 1791 quod
1861 1721 2168 1775 inanimale
2198 1725 2353 1775 est...
2375 1723 2441 1774 In
2460 1721 2664 1775 Psalm.

662 1813 784 1878 123,
821 1813 870 1864 5.
904 1810 1074 1882 Apul.
1113 1811 1218 1881 (Cf.
1252 1811 1479 1879 Goelzer,
1509 1828 1567 1881 p.
1601 1810 1749 1880 145).

516 1899 804 1955 Inanimis
978 1917 1097 1955 non
1140 1900 1218 1954 sit
1256 1900 1436 1954 hebes
1466 1902 1850 1969 inanimisque
1882 1890 2202 1953 materia...
2232 1900 2309 1952 De
2342 1900 2565 1965 Trina„
2599 1899 2664 1963 Χ,

664 1993 748 2044 14.
775 1989 946 2060 Apul.

516 2078 780 2133 Infirmis
952 2079 1293 2149 pel-animae
1327 2080 1558 2146 infirmis
1592 2078 2092 2132 admixtionem...
2123 2080 2199 2131 De
2227 2079 2449 2145 Trina„
2483 2077 2548 2144 X,
2602 2079 2668 2130 14

659 2167 768 2237 (Cf.
802 2169 1048 2236 Roensch,
1078 2185 1133 2238 p.
1164 2168 1309 2238 274).

516 2257 874 2312 Insalutaris
1075 2258 1273 2312 tristes
1340 2257 1733 2329 cupiditatum
1811 2258 2211 2311 insalutarium
2271 2255 2533 2310 febreS...
2578 2255 2664 2309 'In

657 2347 861 2400 Psalm.
900 2351 1140 2415 118,13,
1179 2351 1264 2401 11.

513 2436 932 2506 Intemperalis
1125 2437 1392 2491 condens
1433 2436 1635 2490 omnia
1671 2435 2059 2505 intemporalis
2111 2434 2546 2489 immensitas..
2591 2435 2665 2487 De

655 2528 881 2590 Trinit.,
920 2528 1061 2592 v111,
1091 2529 1178 2582 40.
1214 2526 1382 2597 Apul.
1415 2526 1520 2598 (Cf.
1555 2526 1828 2591 mensch„
1853 2542 1909 2595 p.
1942 2524 2090 2594 229).

593 2665 654 2720 7⁰
682 2662 1012 2744 Adjectiva
1038 2663 1270 2745 quibus
1302 2663 1698 2746 praeponitur
1726 2666 1792 2722 in
1821 2671 1885 2723 et
1927 2661 2220 2723 cadentia
2251 2661 2314 2720 in
2341 2680 2537 2720 -osus,
2590 2750 2596 2757 ·

511 2810 841 2879 Inaquosus
1014 2811 1181 2865 arida
1221 2815 1279 2865 et
1312 2813 1585 2881 inaquosa
1616 2812 1748 2866 loca
1777 2810 2054 2864 circuit...
2089 2812 2155 2863 In
2187 2810 2412 2874 Malta„
2450 2812 2536 2874 12,
2570 2812 2659 2862 21.

654 2901 806 2954 Tert.
838 2901 1010 2970 Cypr.
1046 2900 1152 2970 (Cf.
1182 2901 1429 2964 Roensch,
1459 2917 1515 2970 p.
1552 2903 1684 2966 1253
1715 2930 1783 2938 -
1813 2899 2041 2966 Goelzer,
2075 2915 2132 2968 p.
2165 2897 2309 2967 149).

511 2988 932 3044 Innumerosus
1115 2988 1331 3060 quibus
1360 2989 1438 3043 dii
1470 2988 1671 3060 plures
1701 2994 1842 3043 sunt
1871 2989 2325 3056 innumerosique
2364 2985 2657 3041 domini...

654 3080 720 3131 In
760 3079 965 3132 Psalm.
1001 3081 1125 3146 122,
1159 3082 1211 3132 6.

589 3221 652 3279 8⁰
681 3216 1014 3301 Adjectiva
1039 3219 1272 3301 quibus
1303 3218 1700 3301 praeponitur
1731 3223 1799 3278 in
1828 3226 1892 3278 et
1932 3210 2225 3278 cadentia
2258 3215 2322 3275 in
2347 3237 2502 3277 -su3.

509 3370 864 3426 Inexcessus
1034 3371 1178 3439 quia
1210 3370 1346 3424 finis
1375 3368 1689 3440 propositae
1708 3365 2095 3423 beatitudinis
2121 3367 2431 3419 inexcessus
2451 3363 2660 3418 modus

651 3464 806 3513 est...
842 3462 917 3513 De
949 3461 1173 3526 Trinit„
1206 3460 1298 3527 XI,
1332 3463 1421 3514 28.

508 3546 804 3603 Inscissus
978 3546 1151 3616 cujus
1190 3547 1448 3617 desuper
1477 3552 1637 3601 texta
1670 3544 1848 3599 vestis
1876 3545 2102 3597 inscissa
2134 3547 2288 3596 est...
2325 3544 2399 3594 De
2431 3541 2656 3609 Trinit„

649 3637 715 3705 X,
752 3638 839 3690 52.

507 3724 856 3782 Irremissus
1028 3727 1308 3780 irremissa
1337 3730 1659 3779 consecuta
1700 3722 2074 3794 eaptivitaS...
2107 3722 2174 3773 In
2219 3719 2423 3773 Psalm.
2459 3720 2579 3786 126,
2602 3720 2654 3771 2.

588 3914 652 3971 9⁰
684 3908 1016 3992 Adjectiva
1051 3911 1287 3993 quibus
1323 3910 1720 3993 praeponitur
1750 3913 1816 3968 in
1849 3916 1912 3969 et
1931 3905 2225 3969 cadentia
2255 3904 2319 3964 in
2338 3913 2492 3967 -tusa

452 4137 455 4140 Ἴ
509 4058 930 4115 Immodicatus
1096 4060 1457 4114 immedicatae
1487 4059 1852 4131 {egritudinis
1874 4056 2162 4129 populosa
2183 4054 2453 4126 contagia
2479 4053 2659 4108 desse-

653 4149 948 4204 vierunt...
979 4151 1054 4203 De
1086 4151 1310 4217 TriniC„
1342 4151 1431 4217 VI,
1466 4155 1516 4206 3.
1550 4148 1718 4220 Apul.
