3371 4999
1682 411 2020 464 -58—

1610 586 1674 648 2ο
1716 588 1797 649 De
1840 585 2086 648 Christo

852 718 1053 779 Filius
1083 718 1200 779 Dei
1233 738 1347 778 seu
1389 719 1680 790 Verbum,
1716 716 2062 777 humanam
2091 722 2387 775 naturam
2424 713 2721 794 sumpsit,
2745 712 2914 793 quod

771 816 1174 899 significatur
1221 813 1554 876 vocabulis
1606 817 1959 889 assumptio
2014 811 2376 893 (corporis),
2426 813 2749 871 descensio
2828 810 2914 889 (in

771 914 1117 994 homines).

1021 1042 1081 1091 et
1118 1038 1180 1091 in
1213 1037 1485 1107 corporis
1514 1038 1895 1105 assumptione
1926 1033 2220 1089 mediator
2240 1033 2571 1087 Christus..
2597 1035 2671 1086 Dc
2705 1033 2926 1098 Trinit„

986 1129 1056 1181 IV
1112 1130 1200 1180 42.
2773 1124 2776 1127 '

1014 1169 1079 1270 ui
1106 1216 1409 1286 protensio
1455 1215 1532 1269 sit
1566 1215 1762 1285 potius
1808 1215 1868 1268 in
1899 1213 2205 1268 hominem
2238 1228 2418 1283 quam
2457 1212 2800 1266 descensio...
2835 1213 2909 1264 De

989 1307 1209 1371 Trinit„
1245 1305 1287 1371 1,
1321 1308 1404 1359 16.

853 1439 1041 1523 Apud
1075 1440 1450 1501 Ciceronem
1478 1444 1829 1517 assumptio
1848 1440 2015 1500 idem
2043 1447 2230 1499 sonat
2251 1446 2443 1519 atque
2467 1441 2704 1511 electio,
2727 1440 2893 1514 optio
2907 1455 2930 1513 ;

769 1539 939 1621 apud
996 1539 1289 1600 eumdem
1349 1538 1727 1602 Ciceronem
1793 1560 1918 1601 vox
1981 1540 2323 1614 assumptio
2366 1535 2667 1619 designat
2730 1536 2923 1597 etiam

771 1639 1113 1698 secundam
1142 1642 1506 1715 sylloyz'smi
1533 1641 2055 1698 enuntiationem.

853 1733 1042 1817 Apud
1099 1735 1376 1796 Plinium
1434 1739 1845 1796 descensio:-
1883 1734 2235 1797 descensus
2283 1735 2627 1815 (descensio
2673 1735 2928 1793 balnea-

774 1836 966 1913 rum).
1448 1822 1451 1831 ”

858 1931 952 1991 Ex
983 1952 1056 1992 eo
1088 1932 1258 2013 qnod
1288 1931 1632 1993 humanam
1666 1933 1943 2015 sumpsit
1970 1939 2287 2003 naturam.
2326 1930 2605 1992 Verbum
2632 1938 2702 1990 ut
2728 1929 2928 2004 DeuS‚

777 2048 855 2087 ex
894 2029 1252 2090 aeternitate
1298 2039 1430 2103 est3
1479 2050 1702 2091 verum
1739 2030 1804 2089 in
1852 2030 2063 2090 lucem
2110 2039 2179 2088 uc
2217 2031 2400 2088 homo
2450 2036 2789 2108 susceptus
2835 2036 2934 2088 est

776 2134 967 2206 atque
997 2127 1086 2186 ita
1116 2126 1236 2187 fuit
1261 2127 1316 2187 ei
1349 2136 1528 2188 ortus
1562 2132 2009 2204 temporaria-5.

1018 2250 1212 2304 tenuit
1253 2256 1456 2305 autern
1496 2250 1709 2305 beatus
1748 2250 2047 2320 apostolus
2086 2266 2299 2304 novam
2338 2250 2492 2304 hanc
2530 2251 2592 2303 in
2637 2265 2704 2304 eo
2755 2257 2933 2320 tempo

882 2398 887 2403 ¹
989 2341 1157 2393 rariae
1202 2339 1381 2408 hujus
1440 2342 1758 2394 nativitatis
1813 2339 2197 2395 discretam...
2251 2339 2816 2409 significationem...
2868 2340 2934 2392 In

994 2430 1200 2483 Psalm.
1235 2433 1288 2496 2,
1321 2430 1410 2483 28.

857 2565 1062 2627 Filius
1096 2566 1216 2626 Dei
1246 2536 1354 2648 qui
1384 2567 1676 2628 homines
1708 2588 1741 2628 e
1773 2568 2076 2629 servitute
2116 2566 2432 2628 diabolica
2466 2567 2787 2644 liberavit,
2815 2587 2923 2629 vo-

779 2673 960 2725 catur
980 2667 1358 2742 redemptor.
1395 2666 1492 2727 Cf.
1532 2669 1806 2738 Goelzer,
1841 2687 1902 2747 p.
1941 2668 2079 2726 228.

1015 2805 1077 2842 se
1104 2789 1501 2858 redemptorem
1519 2789 1748 2842 ‘animm
1780 2771 2158 2858 corporisque
2189 2788 2375 2843 nostri
2408 2804 2604 2843 esse...
2629 2790 2699 2842 In
2727 2789 2923 2843 Matth.

998 2883 1084 2945 17,
1119 2882 1200 2932 11.

859 3006 1049 3089 Apud
1109 3008 1377 3070 eximios
1422 3009 1773 3091 scriptores
1824 3012 2282 3086 redemptor:
2330 3008 2702 3083 conductor,
2763 3029 2936 3070 man·

779 3124 1011 3187 ceps„.

861 3202 1020 3280 Quae
1060 3204 1390 3265 hominum
1421 3205 1716 3267 liberatio
1750 3213 2012 3266 vocatur
2058 3208 2402 3282 redemptio
2428 3216 2469 3264 ⁴.
2512 3205 2608 3266 Cf.
2648 3208 2930 3279 Goelzer,

780 3322 843 3382 p.
881 3304 1020 3363 229.

1016 3426 1304 3495 propheta
1330 3431 1564 3497 tempus
1594 3427 1989 3495 redemptionis
2017 3432 2434 3496 exspectans...
2466 3428 2533 3480 In
2565 3427 2768 3481 Psalm.
2807 3428 2928 3495 118,

997 3518 1086 3584 20,
1119 3518 1172 3569 4.

860 3637 1229 3710 Redemptio
1260 3634 1430 3716 apud
1460 3635 1710 3696 Livium
1743 3635 1910 3697 idem
1940 3635 2109 3696 valet
2139 3656 2211 3697 ac
2240 3647 2497 3713 pactum
2523 3657 2646 3715 quo
2686 3639 2937 3714 aliquid

776 3734 1025 3792 reddito
1073 3737 1280 3809 precio
1320 3744 1774 3809 recuperatum
1810 3733 1980 3815 apud
2012 3732 2387 3794 Ciceronem
2414 3733 2582 3794 idem
2631 3754 2708 3794 ac
2736 3736 2936 3810 turpis

780 3841 1116 3891 mercatus.

861 3926 1161 3988 Christus
1202 3929 1389 3989 morti
1449 3949 1516 3989 se
1550 3929 1981 3991 devovens-ut
2008 3930 2299 3992 homines
2349 3931 2711 4004 redimeret,
2754 3950 2936 3992 suam

845 4126 889 4172 1.
935 4126 1012 4172 Ex
1048 4139 1154 4187 quo
1197 4126 1442 4187 sequitur
1474 4142 1649 4177 errare
1693 4130 1909 4178 Goelzer
1946 4131 2037 4193 qui
2074 4134 2228 4193 putet
2274 4132 2597 4181 vocabulum
2645 4133 2938 4197 redemptio

786 4199 886 4246 hoc
914 4213 1024 4247 non
1047 4213 1241 4248 sonare
1266 4204 1391 4249 ante
1419 4202 1469 4250 S.
1500 4203 1907 4265 Hieronymum.
1934 4204 2008 4252 Cs.
2036 4205 2268 4264 Goelzer,
2292 4221 2342 4269 p.
2370 4208 2477 4256 229.
