3371 4999
1020 1008 1024 1037 l

1101 1020 1107 1025 “
1193 1077 1874 1174 EPILocUs

559 1582 956 1672 Antequam
1008 1582 1092 1650 ab
1135 1584 1263 1651 hac
1313 1585 1784 1676 disputatione
1838 1606 2130 1651 manum
2182 1605 2609 1669 removeam,

471 1717 614 1764 non
653 1697 965 1764 alienum
1008 1703 1175 1786 puto
1207 1700 1445 1766 omnia
1486 1722 1638 1788 quae
1680 1721 1892 1787 supra
1929 1697 2243 1787 exposui,
2282 1696 2356 1763 in
2395 1720 2617 1786 pauca

473 1809 816 1877 conferre.

568 1923 885 1989 Primum
956 1930 1229 1993 constat
1304 1925 1610 2015 plurima
1676 1925 1745 1992 S.
1818 1923 2167 1992 Hilarium
2242 1924 2623 2012 sumpsisse

479 2034 810 2102 vocabula
874 2042 1026 2103 tum
1098 2036 1320 2104 Sacrae
1393 2038 1760 2129 Scripturae
1827 2035 2391 2119 translatoribus,
2463 2043 2616 2104 tum

477 2149 927 2237 scriptoribus
968 2150 1481 2233 ecclesiasticiS,
1518 2153 1781 2218 scilicet
1826 2150 2167 2219 vocabula
2202 2150 2623 2240 jampridem

418 2262 423 2268 ’
474 2263 732 2330 usitata
773 2263 1166 2358 quibusvis
1207 2288 1388 2331 nova
1433 2265 1743 2354 subjecta
1783 2272 1911 2346 est,
1956 2271 2022 2332 et
2060 2263 2400 2331 vocabula
2439 2286 2623 2352 quae-

477 2374 636 2443 dam
679 2365 994 2444 inaudita
1023 2399 1177 2466 quae
1206 2378 1467 2466 fingere
1505 2401 1790 2460 necesse
1832 2378 1966 2444 fuit
1994 2384 2071 2445 ut
2100 2399 2282 2443 nova
2316 2376 2625 2443 declara-

477 2496 742 2570 rentur,
786 2514 1040 2581 nempe
1082 2514 1161 2558 ea
1202 2514 1355 2579 quae
1397 2491 1476 2558 ad
1522 2491 1979 2560 christianam
2018 2491 2434 2581 religionem
2471 2514 2627 2581 per—

477 2603 729 2669 tinent.
1388 2615 1393 2618 ⁴

565 2716 920 2786 Vocabula
954 2725 1191 2786 autem
1225 2720 1542 2787 inaudita
1568 2718 1650 2787 de
1681 2720 1935 2810 quibus
1973 2719 2083 2786 hic
2113 2720 2369 2808 agitur,
2400 2718 2624 2785 diver-

481 2830 575 2895 sis
606 2832 1039 2921 temporibus
1093 2840 1302 2923 atque
1342 2858 1382 2900 a
1438 2834 1735 2901 diversis
1791 2832 2246 2921 scriptoribus
2292 2831 2627 2921 pleraque

479 2942 637 3010 ficta
683 2950 894 3026 sunt3
954 2969 1035 3012 ex
1089 2948 1174 3013 iis
1225 2953 1463 3014 tamen
1519 2946 1864 3014 nonnulla
1904 2947 1975 3015 S.
2024 2945 2331 3012 Hilarius
2380 2951 2457 3011 ut
2502 2968 2630 3012 sua

481 3065 791 3145 repetere
835 3066 1082 3148 potest.
1149 3061 1417 3128 Horum
1468 3084 1631 3127 sane
1695 3059 2015 3149 quaedam
2082 3060 2376 3125 minime
2449 3058 2627 3126 desi-—

481 3173 907 3240 derabantur
945 3175 1201 3262 quippe
1242 3195 1400 3240 cum
1445 3178 1796 3240 exstarent
1840 3172 2181 3239 vocabula
2216 3173 2399 3239 idem
2442 3195 2631 3260 pror-

483 3311 601 3356 sus
633 3285 1099 3368 declarantia3
1146 3286 1265 3353 sed
1303 3285 1770 3376 quorumdam
1802 3286 2104 3353 aliorum
2140 3294 2326 3377 certo
2360 3285 2630 3374 indige-

418 3387 425 3390 „
487 3402 602 3469 bat
662 3408 741 3466 ut
801 3399 1223 3467 Arianorum
1279 3399 1461 3467 dicta
1512 3400 1905 3480 refelleret-3
1964 3400 2113 3466 haec
2154 3406 2391 3467 autem
2435 3400 2631 3470 finxit

484 3516 927 3605 plerumque,
962 3537 1051 3580 ne
1101 3514 1329 3582 dicam
1372 3536 1670 3602 semper,
1719 3514 1922 3582 sicuti
1959 3514 2337 3581 verborum
2370 3513 2634 3602 fingen-

484 3630 734 3696 dorum
766 3628 942 3694 ratio
984 3627 1167 3715 apud
1209 3628 1464 3695 latinos
1501 3628 1852 3717 quondam
1897 3626 2315 3716 postulabat.

575 3741 772 3823 Quod
813 3740 1063 3807 deinde
1104 3739 1186 3807 ad
1223 3729 1728 3808 vocabulorum
1780 3746 2197 3807 structuram
2241 3739 2511 3820 attinet,
2549 3738 2633 3806 ab

486 3856 748 3943 optimo
794 3854 1123 3943 loquendi
1173 3876 1367 3921 more
1415 3856 1819 3943 frequenter
1858 3854 2171 3935 discedit,
2217 3875 2359 3919 non
2398 3861 2634 3918 tamen

491 3968 646 4059 plus
683 3991 908 4057 aequO,
980 3969 1038 4034 si
1101 3969 1443 4034 rationem
1494 3967 1753 4035 habeas
1810 3973 2205 4056 temporum
2250 3964 2507 4054 quibus
2565 3963 2632 4031 S.

487 4081 797 4148 Hilarius
858 4082 1112 4148 vixisse
1165 4081 1594 4171 perhibetur.
1661 4081 2011 4162 Ceterum,
2080 4079 2344 4168 aliquid
2422 4079 2631 4145 etiam

486 4195 951 4263 excusationis
1024 4194 1232 4263 habet
1287 4195 1355 4263 S.
1429 4196 1738 4263 Hilarius
1800 4216 1886 4263 ex
1956 4217 2036 4261 eo
2090 4193 2271 4283 quod
2337 4195 2411 4259 in
2473 4215 2641 4260 con—

487 4308 874 4377 scribendis
973 4308 1395 4398 quibusdam
1481 4308 1705 4391 libris,
1805 4306 2131 4376 videlicet
2207 4306 2293 4373 iis
2379 4306 2638 4396 quibus
