3371 4999
1691 457 1793 469 —-
1830 433 1929 483 122
1977 458 2079 472 --

1045 579 1388 649 irreligiosis
1419 581 1649 646 mundi‚
1678 581 2166 651 imperfectisque
2199 582 2487 637 doctrinis
2517 600 2622 653 per
2647 583 2957 726 scientiam

1018 670 1305 739 sapientis
1371 672 1786 739 omnipotentiae
1855 670 2368 742 (omnipotentis)..
2357 713 2391 726 ..
2462 673 2804 727 contraire..
2886 674 2959 725 De

1019 761 1216 812 Trinit.
1229 760 1382 827 ,XII,

975 889 1008 901 ..
1070 864 1190 901 non
1269 764 1485 902 habetO
1515 849 1933 903 necessitatem
2008 850 2458 929 contiadicendi
2509 850 2620 905 sihi
2687 822 2958 951 absoluta

1012 939 1349 1005 perversitas
1377 938 1506 1007 (viri
1538 938 1890 1008 perversi)..‚
1928 940 2001 992 De
2032 920 2263 1007 Synod„
2298 942 2383 992 52.

886 1063 941 1141 b)
984 1061 1184 1122 Multa
1211 1061 1309 1122 vel
1341 1062 1799 1151 gelundiorum
1826 1064 1923 1124 vel
1942 1063 2400 1145 adjectivorum
2432 1065 2493 1125 in
2515 1066 2708 1128 —ndus
2733 1066 2959 1126 caden-

802 1160 962 1219 tium
991 1159 1202 1220 locum
1225 1169 1443 1222 tenent
1464 1170 1527 1220 et
1556 1181 1701 1221 cum
1733 1162 2296 1243 praepositionibus
2327 1166 2431 1236 ad,
2455 1168 2541 1234 in,
2563 1163 2945 1244 junguntur.

1053 1285 1264 1339 divinae
1320 1285 1463 1357 legis
1531 1286 1677 1339 ordo
1747 1303 1818 1340 ex
1886 1286 1985 1340 illo
2064 1286 2499 1342 elementorum
2564 1287 2956 1342 caelestium...

1016 1379 1184 1428 motu
1233 1374 1306 1427 ad
1349 1374 1478 1427 belli
1530 1390 1744 1428 moram
1781 1374 1877 1446 (ad
1909 1375 2130 1429 bellum
2164 1376 2546 1447 morandum)
2578 1377 2857 1431 restitit...
2890 1379 2956 1430 In

1017 1463 1215 1516 Psalm.
1246 1467 1333 1528 33¹,
1362 1468 1445 1517 19.

1035 1551 1241 1606 salutis
1294 1553 1472 1621 hujus
1524 1553 1598 1607 ad
1648 1553 1778 1619 fidei
1826 1555 2145 1619 firmitatem
2193 1553 2289 1623 (ad
2345 1554 2702 1609 firmandam
2755 1538 2954 1625 fidem)

1015 1642 1319 1696 noscenda
1345 1647 1432 1695 est
1462 1642 1835 1712 prophetia...
1873 1645 1939 1695 In
1971 1643 2172 1696 Psalm.
2202 1647 2292 1709 59,
2322 1648 2373 1698 6.
2502 1648 2505 1651 ’

1042 1747 1177 1784 cum
1224 1736 1512 1784 exeuntes
1560 1732 1631 1784 de
1679 1747 1926 1801 corpore
1960 1731 2034 1784 ad
2063 1733 2359 1784 introitum
2389 1733 2549 1786 illum
2580 1734 2742 1799 reqnt
2784 1733 2959 1786 caeles-

1019 1822 1153 1872 tis...
1201 1820 1660 1876 reservabuntur
1706 1820 1802 1889 (ad
1848 1820 2277 1874 introeundum
2310 1820 2391 1874 ita
2420 1821 2480 1891 in
2511 1822 2853 1892 regnum)...
2891 1823 2956 1874 In

1018 1910 1220 1963 Psatm.
1256 1913 1490 1977 120,16.
2803 1892 2810 1900 “

944 1999 1436 2070 (firmamentum)
1459 1999 1650 2054 valida
1671 2001 1745 2053 ad
1763 2002 2224 2053 sustentationem
2248 2016 2528 2070 aquarum
2550 2000 2954 2068 superiorum;

1017 2092 1573 2158 temperationemque
1613 2092 1759 2143 aeris
1789 2089 1975 2145 nostri
2005 2089 2283 2144 firmitate
2316 2090 2585 2144 solidavit
2618 2089 2712 2159 (acl
2738 2095 2957 2142 susten-

1015 2178 1314 2231 tandum...
1343 2179 1418 2231 ad
1446 2179 1957 2246 temperandum)...
1994 2180 2058 2231 In
2088 2180 2287 2232 Psalm.
2320 2183 2441 2247 135,
2475 2184 2525 2233 9.

1047 2268 1150 2336 qui
1203 2269 1276 2323 ad
1325 2269 1826 2335 concupiscentiam
1871 2267 2017 2320 vidit
2056 2266 2439 2337 (mulierem),
2468 2266 2596 2336 jam
2630 2265 2957 2343 moechatus

1017 2355 1079 2410 in
1117 2357 1295 2410 corde
1328 2374 1435 2410 suo
1476 2361 1566 2410 est
1598 2357 1693 2426 (ad
1736 2357 2384 2427 concupiscendum)...
2418 2359 2485 2410 In
2517 2357 2715 2410 Psalm.
2749 2359 2869 2423 139,
2903 2361 2954 2409 7.

940 2445 1088 2515 quid
1119 2445 1301 2499 enim'
1324 2445 1575 2515 profecit
1610 2445 1890 2499 inimicus
1920 2445 2132 2498 Judam
2159 2445 2234 2499 acl
2261 2447 2607 2499 voluntatem
2632 2445 2957 2498 traditionis

1010 2534 1418 2605 inspirans?...
1451 2537 1517 2588 In
1554 2537 1760 2589 Psalm.
1799 2538 1919 2601 139,
1958 2540 2039 2588 11.

1048 2625 1327 2678 omnibus
1359 2625 1432 2678 acl
1470 2627 1910 2692 {Jratulationem
1939 2626 2059 2693 ejus
2092 2624 2422 2694 tazcdemque
2454 2622 2833 2698 commonitis
2857 2622 2956 2693 (ad

1006 2711 1496 2784 gratulandum...
1531 2714 1604 2767 ad
1637 2714 2096 2781 laudandum)...
2121 2715 2188 2765 In
2219 2714 2421 2766 Psalm.
2460 2716 2581 2781 150,
2619 2717 2667 2766 1.

1037 2804 1180 2872 ipsis
1223 2818 1286 2857 sc
1326 2803 1588 2872 quodam
1630 2804 1809 2857 modo
1847 2801 2195 2872 corporibus
2227 2802 2622 2860 exueruntad
2652 2805 2965 2882 in91²esszcm

1013 2892 1116 2944 via}
1145 2891 1273 2946 talis
1302 2889 1515 2946 oblatis
1548 2891 1642 2961 (ad
1675 2891 2232 2962 ingrediendum)...
2264 2892 2328 2944 In
2358 2891 2560 2945 sliatth.
2588 2894 2676 2958 21,
2702 2894 2755 2943 2.

1053 2981 1336 3035 claritatis
1369 2980 1629 3036 reditum
1657 2980 1949 3035 indicat...
1986 2981 2058 3033 ad
2084 2980 2457 3033 collectionem
2488 2986 2807 3033 sanctorum
2835 2978 2969 3032 des-

1010 3070 1302 3124 tinatione
1334 3069 1697 3140 Angelorum
1746 3070 1842 3140 (ad
1880 3068 2245 3139 colligendos
2281 3069 2611 3142 sanctos)...
2639 3069 2706 3122 In
2743 3067 2923 3123 Matth
2951 3118 2965 3138 ,

1011 3164 1099 3227 26,
1137 3165 1184 3214 1.

1033 3250 1145 3303 hoc
1195 3249 1388 3303 solum
1433 3248 1592 3318 quod
1630 3253 1807 3313 esset,
1852 3248 1928 3301 ad
1951 3250 2414 3315 protestationem
2445 3248 2810 3316 incorrupta}
2833 3262 2957 3300 suae

1010 3341 1340 3393 {eternitatis
1371 3338 1631 3392 ostendit
1654 3337 1752 3408 (ad
1779 3337 2324 3408 protestandam)...
2360 3340 2432 3391 De
2462 3339 2687 3400 Trinit„
2719 3337 2760 3404 1,
2791 3339 2841 3388 5.
2905 3343 2910 3344 ’

1043 3443 1313 3497 usurpas,
1340 3444 1371 3479 o
1409 3415 1707 3492 haeretice,
1735 3426 1809 3479 ad
1834 3428 2230 3493 confessionem
2251 3424 2500 3478 solitarii
2527 3426 2626 3477 Dei
2651 3425 2836 3478 Patris
2865 3422 2962 3492 (ad

1010 3516 1513 3585 confitendum)...
1542 3518 1620 3568 De
1654 3517 1879 3580 Trinit„
1916 3516 2002 3582 IV,
2039 3518 2126 3569 40.

1046 3607 1312 3675 quinque
1342 3604 1520 3659 etiam
1543 3620 1729 3673 panes
1755 3604 1829 3657 ad
1853 3604 2031 3657 cibum
2058 3610 2229 3657 tantae
2247 3602 2630 3670 'multitudinis
2651 3600 2967 3673 fregeratis

1013 3687 1106 3766 (ad
1139 3694 1550 3763 cibandum)...
1586 3696 1661 3746 De
1693 3694 1916 3759 Trinit.‚
1949 3694 2037 3759 Vl,
2069 3696 2153 3746 33.

1036 3787 1192 3838 Deus
1239 3799 1374 3852 ergo
1413 3800 1524 3836 nec
1560 3783 1729 3853 ponit
1764 3782 2026 3836 animam
2054 3782 2128 3834 acl
2155 3787 2384 3835 mortem
2411 3781 2510 3850 (ad
2533 3779 2964 3850 moriendum),

1011 3889 1123 3926 nec
1154 3873 1407 3930 resumit
1437 3873 1704 3926 advitam
1731 3871 1825 3942 (ad
1857 3871 2266 3940 vivendum)...
2301 3873 2378 3923 De
2402 3871 2625 3938 Trinit„
2659 3870 2724 3937 X,
2760 3872 2844 3923 59.

1043 3961 1129 4014 ad<
1159 3962 1596 4015 consolationem
1642 3967 1890 4013 nostram
1923 3966 2014 4013 est
2057 3961 2268 4013 missus
2296 3976 2329 4013 a
2359 3959 2509 4012 Filio
2543 3958 2640 4030 (ad
2673 3973 2967 4036 noscon—

1011 4050 1385 4120 solandos)...
1420 4053 1496 4103 De
1527 4050 1761 4118 Synod„
1796 4052 1881 4102 52.

1044 4157 1211 4195 avem
1240 4138 1492 4210 legimus
1526 4140 1587 4192 in
1607 4146 1831 4208 pastum
1853 4139 1988 4192 Εῖὶεε
2014 4138 2357 4208 deputatam
2382 4137 2476 4205 (ad
2499 4136 2932 4207 pascendum)..
2950 4177 2964 4191 .

1010 4232 1077 4282 In
1110 4230 1310 4283 Psalm.
1345 4232 1467 4294 146,
1504 4232 1589 4283 12.
