3371 4999
1335 431 1346 442 .
1393 413 1594 467 .-‚g3
1641 438 1731 448 .-

564 565 628 624 30
656 560 928 623 Dativus
956 560 1069 624 illo
1100 579 1215 642 pro
1241 564 1372 622 illi.

733 684 1008 739 suaviillo
1030 683 1511 738 mansuetudinis
1532 682 1676 753 jugo
1692 648 1996 738 subditum
2020 688 2177 739 est...
2197 685 2265 737 In
2286 684 2487 739 Psalm.
2512 687 2634 750 130,

701 776 753 827 4.
797 772 880 827 Cf.
909 774 1093 839 Neue,
1120 774 1422 850 Formenl„
1452 773 1522 840 11,
1550 777 1674 827 210.

570 916 632 971 4⁰
660 908 940 972 Ablativi
969 910 1245 985 nemine,
1275 909 1459 985 forte,
1494 909 1721 975 isdem.

741 1037 954 1088 nemine
993 1034 1298 1102 audiente,
1336 1033 1665 1088 irridentur
1702 1049 1737 1088 a
1761 1036 1950 1088 Deo...
1994 1036 2060 1088 In
2103 1034 2303 1089 Psalm.
2343 1036 2432 1101 58,
2464 1036 2517 1089 9.
2555 1034 2641 1090 Cf.

708 1122 913 1189 KrebS‚
950 1124 1017 1190 ΙΙ,
1052 1140 1108 1192 p.
1146 1126 1266 1178 128.

740 1210 917 1283 ligato
945 1211 1106 1266 enim
1139 1211 1303 1281 prius
1330 1211 1491 1265 intra
1515 1211 1760 1266 domum
1784 1227 1952 1266 suam
1978 1214 2199 1280 forte...
2231 1213 2296 1265 In
2326 1212 2529 1266 Psalm.
2555 1215 2644 1280 67,

710 1304 762 1355 8.
793 1299 877 1354 Cf.
910 1301 1092 1367 Neue,
1122 1300 1422 1365 Formenl„
1447 1301 1517 1365 11,
1543 1303 1629 1355 33.

744 1394 802 1442 et
840 1389 903 1442 in
932 1389 1099 1457 isdem
1133 1404 1200 1442 ac
1240 1404 1346 1458 per
1381 1387 1588 1442 eadem
1629 1388 1761 1441 sine
1807 1387 1930 1442 ulla
1978 1388 2346 1444 consistendi
2392 1389 2646 1443 statione
2712 1464 2720 1472 ·

710 1478 1050 1533 differtur...
1084 1480 1151 1531 In
1179 1479 1378 1532 Psalm.
1412 1481 1462 1541 1,
1492 1481 1542 1530 7.
1573 1475 1657 1531 Cf.
1688 1478 1873 1543 Neue,
1902 1478 1972 1545 11,
2001 1482 2126 1533 200.

580 1614 706 1676 Pro
760 1635 917 1676 voce
953 1621 1338 1695 pentecoste,
1372 1635 1460 1688 eS,
1491 1634 1617 1695 qua
1676 1612 2114 1675 Tertullianus
2180 1615 2402 1689 utitur,
2462 1614 2658 1676 hahet

504 1713 570 1776 S.
606 1712 890 1775 Hilarius
931 1732 1153 1773 vocem
1187 1718 1609 1793 pentecostae,
1643 1714 1787 1771 adi-s·
1822 1712 1912 1792 (p.
1948 1713 2076 1792 29).

581 1812 791 1875 Stat-er
834 1809 1068 1871 desinit
1107 1810 1170 1870 in
1201 1830 1299 1870 em
1341 1818 1488 1892 apte
1526 1798 1611 1869 ¹ad
1656 1809 1922 1871 latinam
1957 1810 2295 1885 rationem,
2349 1829 2476 1871 non
2517 1810 2581 1870 in
2611 1831 2653 1871 a

507 1917 653 1991 apte
685 1907 763 1969 ad
795 1927 1073 1988 graecam
1102 1908 1187 1988 (p.
1224 1909 1345 1988 29).

582 2005 725 2067 Vox
752 2006 1051 2068 hebraica
1083 2006 1338 2080 corban,
1362 2025 1537 2066 more
1577 2004 1955 2067 Graecorum
1989 2004 2287 2078 flectitur,
2329 2014 2392 2067 et
2421 2005 2659 2067 desinit

507 2105 570 2165 in
600 2121 725 2179 αη,·
764 2104 1106 2184 subjicitur
1135 2102 1358 2183 primae
1393 2104 1770 2163 Graecorum
1816 2100 2251 2176 declinationi,
2278 2122 2423 2164 cum
2452 2103 2659 2165 tertiae

508 2202 905 2285 subjicienda
929 2209 1103 2262 esset
1132 2200 1415 2281 (corban,
1448 2221 1539 2274 OS,
1566 2200 1629 2281 a)
1664 2201 1752 2282 (p.
1786 2201 1912 2281 30).

597 2363 754 2429 Tria
776 2361 1118 2451 adjectiva
1145 2383 1181 2428 e
1208 2360 1515 2428 secunda
1537 2360 2007 2452 declinatione
2026 2360 2111 2427 ad
2131 2327 2411 2427 tertiam
2440 2367 2658 2429 trans-

510 2477 651 2545 lata
683 2483 880 2558 sunt;
927 2476 1073 2544 haec
1114 2476 1278 2544 s'unt
1312 2496 1327 2544 t

510 2615 817 2679 Inanimis
852 2634 967 2695 pro
997 2617 1323 2676 inanimus
1355 2614 1441 2694 (p.
1474 2616 1599 2693 37),

512 2714 788 2776 Infirmis
817 2732 934 2795 pro
966 2717 1267 2790 infirmus
1299 2712 1381 2794 (p.
1410 2714 1533 2790 37).

515 2810 792 2875 Sinceris
820 2830 936 2893 pro
967 2814 1250 2869 sincerus
1283 2809 1369 2894 (p.
1406 2809 1533 2889 34).

767 2949 1021 3003 quorum
1054 2948 1200 3002 pura
1231 2936 1290 2984 et
1318 2935 1480 2987 recta
1501 2937 1558 2985 et
1581 2933 1811 2986 sinceris
1836 2932 2024 2985 oratio
2049 2937 2203 2987 est...
2227 2935 2295 2986 In
2316 2932 2518 2999 Psalm‚
2540 2935 2664 3000 140,

731 3027 781 3076 2.
817 3021 900 3076 Cf.
933 3022 1206 3088 Roensch‚
1238 3037 1294 3091 p.
1327 3023 1453 3075 274.

1058 3219 1153 3282 1v.
1200 3257 1279 3265 —
1321 3222 1402 3285 De
1444 3227 1675 3300 quarta
1717 3219 2136 3299 declinatione

606 3381 971 3442 Occurrunt
1001 3401 1014 3439 :
1051 3383 1111 3439 1ο
1144 3379 1407 3462 genitivi
1443 3398 1662 3443 arcum
1697 3379 2032 3461 (arcuum),
2068 3380 2360 3442 sinuum.⁴

765 3520 888 3557 non
934 3503 1028 3557 hic
1076 3503 1428 3573 propheta...
1464 3507 1566 3558 aut
1598 3502 1819 3572 J'acula,
1852 3509 1955 3557 aut
1987 3508 2286 3557 tormenta
2313 3519 2504 3557 arcum
2533 3519 2669 3573 per-

739 3593 1064 3647 timescit...
1105 3595 1172 3645 1η
1218 3594 1421 3646 l'salm.
1478 3595 1565 3657 63,
1624 3597 1673 3645 7.
1731 3591 1812 3645 Cf.
1875 3591 2178 3659 Biicheler‚
2226 3593 2525 3647 Grundriss
2572 3593 2672 3646 der

739 3681 932 3735 latein.
964 3682 1264 3748 Declinat.,
1296 3697 1352 3749 p.
1386 3683 1473 3735 84.

775 3770 918 3839 quid
949 3770 1103 3823 intra
1147 3785 1414 3823 secessus
1459 3773 1870 3823 maternorum
1909 3771 2129 3824 sinuum
2169 3768 2569 3825 coaluisse...?
2603 3771 2672 3823 De

743 3860 967 3926 Trinit„
1000 3859 1066 3925 X,
1096 3861 1182 3912 54.

608 3994 669 4051 2ο
711 3991 926 4052 Dativi
955 3997 1142 4067 coetu,
1171 3991 1417 4066 habitu,
1449 4009 1593 4067 usu,
1627 3990 1900 4066 sinibus,
1934 3991 2199 4054 visibus.

778 4114 1129 4185 angelorum
1142 4115 1552 4185 frequentium
1576 4120 1716 4167 coetu
1740 4114 2232 4171 admiscebitur...
2250 4118 2316 4170 1η
2329 4118 2532 4172 Psalm.
2551 4120 2674 4184 136,

643 4231 645 4235 ⁴
743 4208 827 4258 11.
865 4204 946 4259 Cf.
982 4203 1701 4270 Bucheler-Windekilde,
1741 4205 2034 4270 Declinat„
2067 4222 2123 4275 p.
2161 4210 2280 4260 110.
