3371 4999
1621 410 1728 439 '——
1763 403 1879 455 114-
1926 428 2013 438 -

1006 551 1164 607 oculi
1195 551 1324 622 ejus
1374 553 1435 607 in
1478 569 1636 617 eum,
1679 552 1868 622 quoad
1901 567 2075 621 usque
2115 550 2533 607 misereatur...
2595 552 2658 603 ln
2692 550 2896 603 Psalm.

965 646 1086 710 122,
1119 648 1171 698 9.
1987 646 1991 653 ’
2193 652 2194 657 ’

725 870 732 882 ,
832 799 1096 860 Locutio
1135 800 1202 861 in
1235 818 1307 875 eo
1344 799 1532 880 quod,
1568 818 1761 883 quam
1795 797 2027 879 supra⁴
2070 802 2398 857 causalem
2429 816 2573 856 esse
2610 795 2767 870 dixi,
2803 804 2902 856 est

752 897 945 958 etiam
978 902 1361 974 temporali&
2015 889 2019 894 ’
2751 892 2752 895 '

1003 1024 1062 1075 in
1102 1038 1163 1075 eo
1221 1026 1418 1075 autem
1472 1020 1598 1091 ipso
1662 1020 1813 1090 quod
1859 1019 2190 1089 loquuntur
2222 1017 2522 1089 (gramma
2554 1012 2595 1088 ᾧ
2627 1017 2901 1087 λέγουσιν),

965 1111 1106 1164 dum
1135 1111 1370 1174 liniunt,
1398 1110 1523 1179 jam
1574 1126 1698 1163 non
1732 1110 1842 1163 erit
1870 1109 1931 1163 id
1968 1110 2128 1164 unde
2160 1112 2537 1177 ooeperunt...
2570 1104 2899 1189 DeTrz‘nit.‚

969 1201 1032 1266 11,
1073 1203 1155 1254 15.
1189 1200 1273 1253 Cf.
1310 1200 1452 1265 Silae,
1487 1217 1542 1269 p.
1582 1202 1760 1253 16-17.

830 1336 1122 1418 Denique
1158 1337 1392 1397 locutio
1430 1336 1606 1400 venit
1646 1343 1923 1415 tempus,
1961 1355 2104 1396 oum
2137 1333 2582 1415 conjunctione
2612 1340 2686 1395 ut
2715 1341 2777 1394 et
2813 1334 2904 1392 in-

751 1435 1025 1497 dicativo
1063 1434 1377 1503 struitur„

989 1559 1069 1612 ait
1110 1559 1396 1612 Dominus
1422 1560 1638 1611 venisse
1672 1564 1885 1626 tempus
1918 1564 1979 1611 ut
2035 1573 2156 1611 non
2199 1558 2260 1610 in
2306 1560 2508 1610 monte
2552 1554 2638 1608 vel
2681 1552 2897 1624 templo

963 1650 1120 1702 Deus
1144 1656 1221 1702 est
1243 1647 1654 1702 adorandus..
1699 1650 1775 1700 De
1803 1649 2029 1707 Trinit„
2063 1648 2158 1713 ΙΙΙ,
2190 1650 2276 1701 31.

1296 1831 1354 1884 5⁰
1396 1830 1473 1885 De
1514 1830 2032 1886 enuntiationibus
2070 1828 2347 1884 relativis

780 2042 781 2047 η
832 1967 1398 2029 Enuntiationibus
1443 1967 1727 2029 relativis
1774 1987 2035 2028 oausam
2083 1966 2600 2046 significantibus
2648 1986 2898 2047 praepo-

751 2075 909 2127 nunt
952 2065 1272 2127 interdum
1307 2065 1529 2144 optimi
1584 2065 1933 2146 scriptores
1984 2065 2375 2125 locutionem
2432 2070 2648 2143 utpote
2704 2063 2895 2143 qui23

751 2164 919 2246 apud
974 2184 1123 2224 vero
1185 2164 1251 2224 S.
1316 2163 1627 2223 Hilarium
1688 2164 1966 2225 occurrit
2030 2183 2304 2241 namque
2373 2167 2485 2240 qui
2540 2182 2683 2222 oum
2744 2162 2896 2222 sub-

744 2261 1072 2343 junctim.

998 2385 1373 2439 infirmitates
1399 2391 1631 2439 nostras
1663 2385 1997 2454 suscipiens
2031 2388 2395 2454 portansque
2426 2387 2669 2454 peecata
2698 2399 2809 2437 usu
2845 2388 2904 2436 et

963 2474 1397 2529 consuetudine
1429 2474 1708 2529 humana>
1758 2473 2200 2545 defatigationis
2246 2472 2483 2529 locutus
2519 2478 2627 2540 est,
2663 2489 2904 2543 namque

962 2567 1061 2633 qui
1090 2581 1150 2618 se
1185 2581 1394 2619 somno
1444 2570 1499 2617 et
1538 2563 1876 2618 lassitudini
1923 2567 2320 2618 commiserit...
2371 2567 2439 2618 Ιη
2467 2565 2673 2619 Psalm.
2715 2566 2803 2630 68,
2845 2567 2899 2617 6.

833 2702 1131 2764 Occurrit
1164 2702 1356 2762 etiam
1388 2699 1624 2763 locutio
1656 2703 1734 2764 ob
1764 2701 1931 2782 quod
1967 2703 2063 2782 (eo
2096 2702 2288 2782 quod,
2326 2701 2546 2783 quod).

1000 2826 1179 2896 aliqui
1222 2841 1323 2879 eos
1377 2826 1759 2879 Hebrzrorum
1815 2825 1876 2878 in
1916 2826 2180 2895 quinque
2223 2825 2407 2880 libros
2445 2825 2660 2900 divisos
2701 2824 2905 2878 volunt

967 2930 1164 2968 esse...
1214 2913 1280 2968 ob
1312 2914 1463 2984 quod
1510 2915 1571 2968 hi
1621 2929 1831 2968 omnes
1871 2912 2083 2984 psalmi
2113 2914 2176 2967 in
2234 2914 2751 2968 consummatione
2797 2929 2904 2967 sua

969 3003 1228 3069 habeant,
1263 3002 1382 3071 siat,
1414 3003 1584 3057 siat...
1609 3006 1676 3056 1η
1703 3004 1905 3057 Psalm.
1944 3004 2118 3056 lnstr.
2151 3008 2201 3056 1.

832 3138 1123 3219 Denique
1154 3138 1470 3219 reperitur
1511 3140 1751 3202 locutio
1795 3158 1906 3220 per
1946 3140 2113 3219 quod
2156 3139 2616 3221 (quamobrem,
2661 3161 2786 3222 qua
2825 3140 2904 3200 de

717 3302 720 3310 ,
755 3238 997 3317 causa).

1002 3366 1348 3421 meminerit
1386 3366 1535 3421 nulli
1583 3368 1802 3420 mirum
1878 3373 1979 3422 aut
2023 3367 2259 3423 difficile
2302 3366 2490 3422 videri
2533 3371 2804 3438 oportere
2843 3371 2908 3420 ut

969 3460 1167 3510 tantus
1194 3456 1485 3526 propheta
1512 3457 1659 3511 tanti
1687 3457 2010 3526 prophetae,
2040 3462 2243 3527 postea
2274 3455 2412 3511 licet
2449 3456 2653 3522 futuri,
2681 3472 2904 3510 nomen
2986 3475 2994 3482 ·

969 3543 1246 3612 ediderit,
1290 3560 1424 3599 euni
1461 3546 1523 3600 in
1559 3547 1901 3617 Regnorum
1953 3546 2119 3600 libris
2153 3546 2326 3600 Josioe
2367 3546 2520 3618 regis
2551 3562 2768 3600 nomen
2804 3546 2900 3610 sit,

970 3639 1292 3704 antequam
1325 3639 1687 3702 nasceretur,
1718 3635 2203 3706 prophetatum...
2237 3653 2342 3705 per
2370 3636 2521 3704 quod
2545 3652 2666 3689 non
2708 3635 2908 3689 incre-

967 3722 1147 3778 dibile
1181 3740 1309 3778 esse
1351 3730 1645 3794 oportere,
1678 3729 1744 3778 ut
1782 3724 2020 3779 Samuel
2064 3742 2097 3779 a
2130 3727 2323 3796 Moyse
2362 3724 2719 3795 praedicatus
2757 3724 2901 3778 sit...

968 3816 1034 3867 Ιη
1064 3815 1266 3868 psal-m.
1298 3815 1469 3867 lnstr.
1496 3817 1546 3867 4.

817 4117 861 4163 1.
900 4115 974 4164 Cf.
1003 4130 1057 4179 p.
1091 4118 1198 4164 111.

816 4189 860 4235 2.
898 4186 974 4235 Cf.
1003 4187 1287 4248 Riemann,
1313 4189 1335 4250 g
1363 4191 1473 4248 221,
1495 4202 1554 4251 p.
1588 4191 1676 4238 383
1698 4205 1710 4250 ;
1733 4190 1869 4238 Rem.
1906 4190 1943 4238 Ι.
