3371 4999
1321 480 1410 501 --’
1459 468 1560 518 107
1609 490 1730 502 --·

432 602 772 672 Meminisse
805 616 963 687 (cum
995 615 1174 687 suhji.
1347 623 1611 671 memento
1636 617 1853 687 quod...
1889 618 2049 670 hunc
2082 616 2362 670 eumdem
2392 616 2584 671 solum

567 705 799 775 justum
822 704 1090 774 judicem
1117 707 1188 758 sis
1216 705 1586 776 professus..
1618 707 1696 759 De
1728 707 1954 774 Tremit„
1988 707 2050 771 V,
2085 709 2170 773 16.
2411 712 2424 721 ‘

404 796 658 864 „Negare
688 795 846 866 (cum
867 794 1048 865 subj.)
1229 795 1291 848 in
1350 796 1578 850 ChriSto
1632 792 1838 862 neqdre
1900 795 2049 864 quod
2100 796 2256 849 Deus
2312 796 2453 849 sit...
2518 797 2585 849 In

571 885 795 953 Mam„
835 878 919 952 12,
959 889 1048 940 17.
1831 938 1840 959 f

429 973 669 1029 Nescire
702 973 861 1039 (cum
887 972 1066 1044 subj.)
1244 972 1367 1027 noli
1407 976 1617 1028 nescire
1651 973 1801 1042 quod
1844 973 1916 1027 ab
1944 972 2205 1045 Ingenito
2240 976 2297 1026 et
2321 971 2583 1042 perfecto

570 1064 757 1116 De0...
793 1067 968 1116 natus
996 1064 1138 1116 sit...
1168 1064 1243 1116 De
1276 1065 1502 1129 Trinit„
1533 1064 1628 1127 ΙΙΙ,
1655 1066 1743 1117 20.
1780 1097 1789 1101 -

427 1152 608 1207 Nosse
636 1151 795 1220 (cum
826 1151 1033 1222 indic.)
1219 1167 1291 1206 ex
1321 1154 1439 1206 Deo
1474 1152 1583 1204 hoc
1624 1150 1821 1204 solum
1860 1166 2015 1204 nosse
2055 1150 2206 1220 quod
2249 1151 2403 1204 Deus
2428 1156 2578 1204 est...

574 1241 638 1293 ln
673 1242 874 1294 Psalm.
915 1244 1032 1306 129,
1068 1245 1114 1294 1.

425 1329 756 1385 Observare
792 1316 950 1400 (cum
978 1329 1159 1408 subjl.)
1343 1330 1745 1384 observandum
1788 1336 1869 1383 est
1922 1329 2071 1398 quod
2113 1328 2210 1382 hic
2265 1344 2388 1382 non
2436 1326 2584 1397 legis

570 1412 675 1470 sed
707 1413 1127 1468 mandatorum
1161 1415 1438 1468 semitam
1470 1430 1597 1468 esse
1624 1414 1843 1467 dicat...
1878 1415 1945 1466 In
1976 1413 2177 1468 Psalm.
2215 1415 2336 1480 118,
2372 1415 2423 1477 5,
2452 1414 2503 1466 8.

429 1502 764 1558 Praedicare
800 1502 957 1572 (cum
986 1502 1166 1572 subj.)
1354 1519 1650 1572 nusquam
1693 1501 1908 1573 Filium
1941 1501 2175 1555 invenio
2209 1502 2288 1555 ita
2311 1500 2583 1569 praedica-

574 1598 690 1645 tum
723 1580 1028 1660 essequod
1058 1593 1214 1647 Deus
1243 1594 1383 1646 sit...
1419 1594 1493 1645 De
1525 1594 1749 1656 Trinit„
1780 1592 1872 1658 VI,
1905 1596 1957 1645 7.
2435 1590 2440 1593 ⁴

429 1681 645 1736 Putate
674 1680 831 1750 (cum
865 1679 1047 1752 subj.)
1229 1681 1275 1735 si
1307 1680 1440 1751 quis
1467 1680 1762 1735 exstiterit
1791 1686 1908 1734 tam
1943 1679 2158 1734 stultus
2187 1684 2246 1732 et
2284 1694 2490 1733 vecors
2517 1683 2583 1731 ut

559 1776 724 1839 putet
745 1770 898 1839 quod
935 1769 1084 1824 alius
1108 1786 1178 1823 ex
1201 1786 1264 1824 se
1292 1770 1446 1823 Deus
1478 1770 1539 1824 i‘n
1571 1771 1759 1823 Deum
1792 1785 1971 1839 quam
2002 1770 2186 1822 Deum
2215 1769 2485 1835 formet...
2507 1768 2581 1820 De
2625 1760 2648 1771 ’

570 1860 792 1924 Τνίἠίι.,
828 1860 970 1927 VIII,
1002 1861 1093 1912 46.

424 1946 798 2016 Respondete
831 1948 990 2017 (cum
1022 1948 1271 2019 subj.)...
1352 1963 1472 2001 non
1501 1947 1724 2002 suffieit
1751 1947 2102 2017 respondisse
2132 1946 2282 2015 quod
2308 1961 2414 1998 rex
2440 1946 2578 1998 sit...

576 2038 643 2090 In
674 2037 877 2090 Psalm.
911 2040 964 2103 2,
996 2040 1084 2091 25.
2061 2044 2062 2049 ’

422 2123 657 2180 Sentire
689 2125 845 2194 (cum
888 2124 1066 2195 subj.)
1253 2127 1493 2179 sentisne
1519 2126 1669 2194 quod
1698 2140 1731 2179 a
1762 2141 1821 2180 se
1855 2141 1975 2179 non
2006 2124 2238 2193 differat
2270 2126 2424 2176 caro'
2450 2137 2581 2191 spo-

569 2214 772 2268 liata...
807 2217 885 2269 De
913 2217 1136 2283 Trinit„
1169 2216 1258 2284 IX,
1286 2218 1370 2268 11.

499 2385 575 2446 Ν.
613 2384 686 2444 Β.
739 2385 1036 2451 Occurrit
1081 2386 1565 2448 circumlocutio
1596 2386 1857 2477 traditio
1885 2391 1986 2449 est
2028 2404 2172 2445 eum
2205 2382 2573 2453 indicative,

421 2503 563 2565 quae
590 2482 755 2545 idem
787 2483 956 2547 valet
985 2504 1060 2546 ac
1088 2484 1393 2547 traditur.
2042 2486 2058 2542 Ι

666 2610 1053 2679 antiquorum
1097 2612 1355 2665 virorum
1402 2612 1513 2664 ista
1562 2616 1639 2664 est
1677 2609 1909 2662 traditio
1947 2608 2180 2677 quod...
2217 2606 2577 2660 emislimcmcli

624 2705 821 2752 sant...
854 2701 921 2753 In
954 2701 1154 2758 Psalm.
1188 2701 1359 2756 lustr.
1389 2703 1439 2754 3.

496 2845 840 2927 Reperitur
883 2848 1073 2908 etiam
1123 2848 1485 2929 conjunctio
1530 2847 1680 2927 quia
1726 2866 1894 2907 nune
1949 2864 2091 2908 cum
2146 2843 2571 2931 subjunctiv0‚

414 2964 582 3004 nunc
613 2964 759 3004 cum
791 2945 1167 3020 indicativo3
1203 2946 1340 3006 haec
1371 2954 1584 3007 autern
1619 2953 1944 3005 structura
1978 2942 2420 3023 antiquitatem
2446 2961 2571 3002 non

412 3032 677 3114 redolet,
728 3043 841 3102 sed
884 3064 921 3103 a
975 3044 1400 3125 serIptoribus
1454 3042 1911 3105 ecclesiasticis
1968 3040 2334 3121 praesertim
2388 3058 2608 3126 usur·¹

412 3139 671 3221 patur⁴.

415 3272 779 3342 Cognoscere
815 3272 975 3344 (cum
1004 3273 1183 3344 subj.)
1358 3279 1651 3341 coynoscat
1673 3275 1809 3342 quia
1840 3287 1945 3343 per
1975 3287 2111 3325 eum
2143 3270 2345 3324 omnia
2377 3274 2435 3323 et
2463 3286 2568 3325 nos

554 3378 661 3432 pel·
690 3362 919 3432 ipsum;
950 3368 1007 3416 et
1032 3368 1198 3417 extra
1231 3364 1514 3433 temporis
1537 3365 1608 3415 sit
1636 3362 1905 3417 condens
1931 3359 2133 3413 omnia
2159 3358 2568 3428 intemporalis

553 3451 997 3506 immensitas...
1034 3453 1109 3504 De
1143 3453 1367 3518 Trinit„
1404 3453 1546 3517 VIII,
1579 3453 1666 3504 40.

412 3541 633 3596 Docere
664 3540 824 3610 (oum
868 3539 1076 3608 indic.)
1260 3541 1451 3594 (locuit
1492 3538 1766 3609 exemplo
1805 3542 2007 3608 quia...
2058 3538 2324 3607 eorporis
2361 3536 2566 3590 crassi-

556 3629 698 3683 tudo
744 3645 816 3682 ex
855 3634 1084 3683 naturae
1124 3647 1243 3684 sua}
1294 3629 1420 3701 lege
1455 3630 1608 3682 vitiis
1648 3629 1861 3682 effossa
1903 3628 2210 3695 erumpit...
2257 3627 2316 3678 Iu
2359 3626 2562 3679 Psalm.

556 3721 677 3783 140,
715 3721 799 3771 12.

413 3808 697 3876 Ignorare
740 3809 898 3877 (cnm
930 3807 1136 3877 indic.)
1321 3823 1459 3861 non¹
1490 3812 1803 3878 propterea
1846 3804 2222 3874 iynorandum
2273 3819 2381 3857 esse
2411 3804 2563 3871 ‘quia-

554 3894 737 3948 Filius
768 3895 865 3948 Dei
896 3902 1043 3949 est...
1077 3898 1154 3949 De
1187 3898 1409 3962 Trinit„
1441 3898 1528 3964 IV,
1561 3900 1649 3949 22.

412 3984 774 4053 Intelleqere
805 3985 964 4054 (cum
990 3984 1170 4054 subj.)
1330 4001 1447 4038 non
1474 3985 1851 4051 intelleslentes
1872 3985 2005 4052 quia
2029 3981 2293 4036 Hominis
2312 3980 2560 4035 Filius...

556 4073 716 4141 quod
747 4088 984 4142 semper
1015 4079 1334 4141 manserat,
1367 4076 1728 4128 eoestz'tisset...
1761 4074 1820 4126 1η
1849 4073 2048 4126 Psalm.
2083 4074 2168 4140 53,
2202 4073 2253 4125 8.

384 4311 399 4322 .
477 4243 522 4290 1.
557 4240 635 4290 Cf.
665 4242 948 4298 Riemann,
979 4241 1001 4302 ‘g
1029 4242 1153 4300 1943
1186 4240 1322 4289 Rem.
1356 4241 1438 4295 IV,
1470 4254 1521 4303 p.
1545 4241 1652 4294 327.
